4244 5910
359 721 420 786 10
1047 690 1158 785 XX.

345 879 444 974 litos,
464 905 526 959 nee
542 877 598 960 ad
607 864 663 958 eas
683 907 769 987 qnos
782 879 1062 988 parliamentum
1073 877 1189 985 postea
1208 877 1421 973 decreverit,
1428 876 1709 988 st’dsolnmmodo
1729 875 1781 956 ad
1788 877 1887 985 peti-
2007 930 2010 935 -

345 1002 454 1082 tiones
481 1031 568 1110 quas
596 1001 655 1081 illo
679 1002 749 1111 ipso
774 1002 832 1082 die
859 1023 893 1082 et
920 1002 1017 1082 inter
1032 1000 1272 1109 solemnitates
1301 1002 1532 1082 coronationis
1555 1000 1784 1083 communitas
1809 1000 1890 1107 regi

348 1122 524 1207 obtulerit.

404 1250 532 1327 Omnes
546 1247 720 1326 orationes
737 1245 777 1325 in
794 1244 1093 1355 hecsolernnitate
1110 1244 1305 1325 recitanda
1323 1243 1382 1324 hic
1399 1241 1574 1324 habentur
1590 1242 1718 1353 lingna
1728 1245 1889 1325 Gallica.

346 1369 416 1449 Ad
427 1371 593 1476 frontem
620 1368 722 1474 hujus
748 1372 927 1461 teodotus
957 1366 1002 1475 est
1030 1366 1245 1448 illuminatio
1278 1364 1486 1471 nitidifflno
1514 1366 1610 1473 regis
1627 1365 1718 1476 solio
1733 1367 1890 1478 fidentis

346 1491 508 1600 episcopis
525 1507 559 1569 et
576 1490 801 1598 magnatibus
820 1489 1050 1570 circumdati.

1021 1730 1202 1843 XXI.

404 1902 518 1985 Codex
541 1900 823 1986 membranaceae
852 1903 893 1984 in
907 1902 1019 2012 folio,
1045 1902 1165 1985 literis
1188 1898 1394 1985 initialibus
1416 1899 1571 2012 copeefois
1598 1899 1689 1982 libri
1711 1901 1891 2010 eleganter

347 2024 574 2123 illuminatis,
581 2025 699 2136 secolo
715 2026 784 2107 xiv
801 2044 984 2123 exaratus,
1004 2026 1193 2124 continens,

410 2174 444 2227 1.
474 2145 683 2256 Ranquhi
702 2144 879 2256 Higdeni
900 2146 1233 2258 Polychronicon.
1251 2143 1321 2227 Iib.
1340 2144 1408 2227 vii.

402 2269 691 2350 Promittantnr
719 2267 838 2351 index
869 2267 1139 2378 alphabeticus
1170 2266 1261 2352 satis
1293 2269 1466 2378 amplus,
1499 2284 1540 2348 et
1569 2295 1718 2379 mappa
1746 2268 1889 2352 mundi

333 2393 465 2499 formo
482 2390 581 2472 ovoli
593 2429 605 2485 3
633 2391 779 2500 historio
796 2392 982 2474 deducitur
999 2423 1024 2473 a
1043 2393 1232 2503 Ranalpho
1248 2390 1349 2504 nsque
1364 2390 1417 2471 ad
1429 2418 1562 2487 annum
1584 2417 1702 2501 1342,
1727 2411 1763 2474 et
1773 2392 1891 2502 postea

348 2513 579 2595 continuatur
594 2513 640 2593 ab
658 2514 729 2594 alio
747 2515 894 2624 quodam
911 2515 964 2596 ad
976 2545 1109 2597 onnam
1135 2541 1252 2626 1377.

403 2636 468 2717 De
483 2630 546 2716 hoc
568 2634 677 2744 nostro
701 2655 825 2718 autore
849 2638 912 2747 qui
935 2638 1031 2718 molo
1045 2637 1126 2749 fide
1145 2657 1227 2749 opus
1244 2639 1381 2747 Rogeri
1397 2635 1575 2747 Cestrerfis
1592 2635 1828 2747 transcripsit,
1855 2653 1890 2716 et

342 2757 485 2868 prosteo
502 2756 706 2865 evulgavit,
724 2759 810 2840 vide
828 2760 1031 2842 Wanleinm
1045 2760 1146 2870 apud
1159 2764 1242 2842 Cat.
1261 2762 1378 2841 MSS.
1400 2760 1514 2840 Harl.
1542 2784 1660 2866 1707.

406 2905 444 2959 2.
474 2878 646 2959 Cronica
671 2880 777 2960 bona
796 2898 836 2961 et
853 2879 1130 2991 compendiosa
1149 2883 1198 2963 de
1217 2879 1373 2989 regibus
1395 2878 1553 2989 Aninae
1571 2895 1733 2962 tantum
1756 2906 1779 2959 a
1799 2882 1891 2961 Noe

347 2997 471 3109 usque
495 2999 678 3083 adhunc
702 3001 807 3083 diem
830 3001 979 3113 [1367]
1003 3013 1032 3049 “
1046 3005 1127 3085 Noe
1136 3006 1298 3114 fuerunt
1316 3021 1389 3084 tres
1400 3003 1522 3113 filii?

405 3133 432 3168 “
454 3121 561 3227 Istum
579 3122 713 3207 librum
742 3137 769 3170 “
785 3127 966 3210 Henrt'cus
984 3129 1105 3208 Serner
1122 3126 1219 3210 dedit
1231 3124 1415 3239 Hospitali
1427 3123 1557 3209 Sancti
1573 3112 1740 3208 Iohannis
1758 3126 1892 3205 Evan-

342 3244 476 3354 gelestae
493 3246 756 3356 Cantabrigia,
776 3249 875 3357 cnjus
891 3249 1024 3332 anima
1035 3249 1259 3361 propitietur
1275 3250 1417 3332 Deus.''

1013 3485 1224 3602 XXII.

404 3656 518 3737 Codex
536 3654 817 3740 membranaceus
837 3658 989 3768 infolio,
999 3659 1118 3770 seculo
1134 3660 1212 3741 xiii
1228 3675 1410 3751 exaratus,
1431 3685 1496 3766 qno
1513 3653 1750 3746 continentur,

410 3803 445 3859 1.
473 3773 609 3857 Is1dori
632 3776 903 3888 [Hispalenfis,
927 3780 1145 3891 Originum
1148 3781 1252 3893 stoc]
1273 3775 1609 3886 Etimologiarum
1627 3773 1697 3856 lib.
1717 3800 1782 3854 xx.

406 3926 443 3980 2.
471 3901 761 4007 Fragmentum
776 3899 969 3986 traftatus
984 3905 1032 3985 de
1046 3903 1299 4003 animalibus,
1318 3898 1459 3984 Incerti
1472 3896 1638 3997 autoris,
1653 3894 1889 4006 configeris.

407 4048 445 4130 3.
475 4018 911 4135 1s1dori[Hispalenfa]
935 4023 1165 4137 Synonima.

1590 4142 1744 4228 XXIII.
1775 4139 1891 4223 Codex

346 4330 1894 4375 Μ

402 4470 517 4555 ΧΧΙ.]
533 4475 587 4544 Vn
602 4475 668 4541 Cat.
683 4472 723 4542 E.
737 4496 770 4561 4.
788 4475 886 4547 MSS.
902 4476 989 4560 Angl.
1010 4496 1188 4564 1321-45.

397 4599 1026 4685 1.]Waecxvll.ch[v.ceLIX.

403 4730 533 4817 XXII]
550 4734 614 4803 Vct.
631 4733 701 4799 Cat.
716 4731 757 4798 L.
773 4754 805 4816 4.
822 4730 919 4800 MSS.
937 4732 1020 4817 Angl.
1042 4746 1242 4818 1402-125.

404 4857 969 4948 2.]VinL111.4.cccl.X1x.2.

405 4987 800 5086 3.]nncccx1.v1n.
816 5010 848 5078 3.
