4214 5910
277 668 370 814 3'92
885 685 1245 783 ccccxxru.

393 863 655 962 consecuturi,
676 894 768 951 cum
789 865 868 979 ipse
886 867 967 953 cito
982 869 1072 952 ess'et
1091 885 1285 953 venturus
1301 864 1537 969 etnobilem
1556 867 1811 954 infantulum

311 1021 316 1031 ·
395 986 436 1071 in
452 987 649 1094 gremium
662 986 802 1072 matris
815 987 890 1072 suae
907 990 1130 1087 oblaturus,
1150 993 1245 1072 data
1257 1017 1304 1070 ex
1317 988 1557 1072 Windeford
1573 996 1710 1102 7Apr.
1722 1009 1761 1101 p.
1773 1020 1810 1100 7.

326 1114 365 1194 6.
395 1108 572 1218 Epistola
600 1107 810 1213 academiae
839 1111 888 1193 ad
907 1113 1079 1209 eundern
1100 1109 1342 1223 episcopum,
1373 1108 1416 1192 in
1446 1138 1526 1218 qua
1555 1110 1751 1194 maximas
1775 1111 1810 1193 ei

397 1244 524 1336 agunt
552 1226 698 1335 gratias
719 1231 827 1338 quod
848 1229 932 1334 ejus
952 1228 1114 1314 connlio
1141 1229 1289 1314 nobilis
1320 1226 1385 1312 hic
1405 1228 1648 1326 infantulus,
1676 1231 1806 1342 regius

393 1346 540 1430 scilicet
559 1375 684 1458 nepos
704 1347 949 1434 universrtati
969 1350 1228 1446 ascisceretur,
1257 1349 1347 1432 ibid.

323 1495 364 1583 7.
394 1464 573 1579 Epistola
602 1467 812 1552 academiae
840 1471 888 1552 ad
915 1499 1046 1580 regem
1074 1471 1316 1554 Edwardum
1333 1470 1402 1553 IV.
1425 1468 1467 1551 in
1496 1495 1579 1578 qua
1607 1468 1807 1552 declarant

393 1584 666 1668 innocentiam
686 1585 859 1669 doctoris
882 1591 1023 1700 Srnyth
1042 1587 1205 1701 suspedii
1226 1591 1273 1670 de
1292 1588 1427 1685 heresr,
1451 1586 1529 1698 p.8
1551 1606 1592 1671 et
1613 1586 1679 1695 83.

327 1709 364 1790 8.
393 1705 572 1818 Epistola
600 1706 809 1791 academiae
834 1712 883 1792 ad
913 1711 1099 1813 eundem,
1128 1709 1184 1792 'ue
1214 1726 1395 1792 avocaret
1429 1710 1601 1791 latomos
1631 1733 1734 1818 quos
1760 1707 1806 1788 ad

383 1827 546 1910 ‘scholas
562 1827 774 1938 theologiae
792 1828 1049 1941 perficiendas
1070 1828 1401 1942 perquihveruut‚
1422 1848 1492 1913 aut
1509 1829 1644 1913 saltem
1666 1826 1804 1937 stepif·

391 1978 516 2062 copus
538 1949 725 2034 Winton.
745 1951 916 2063 aliquos,
937 1981 1039 2065 quos
1060 1953 1147 2037 usui
1173 1953 1243 2035 suo
1269 1949 1506 2036 concesserat
1524 1979 1590 2034 rex
1609 1945 1800 2060 impertiri

391 2070 563 2155 voluerit
574 2070 660 2154 usui
677 2074 900 2168 academiae,
917 2075 993 2158 illis
1009 2074 1145 2160 utendi
1158 2072 1393 2184 potestatem
1407 2072 1565 2167 faceret,
1579 2090 1677 2182 p.10
1690 2089 1731 2152 et
1744 2069 1765 2149 8
1768 2095 1801 2180 ς.

324 2220 362 2304 9.
391 2189 569 2302 Epistola
588 2186 798 2274 academiae
816 2196 865 2274 ad
884 2192 1108 2276 Iohannem
1129 2194 1314 2275 abbatem
1334 2194 1383 2275 de
1397 2193 1641 2290 Abbendon,
1661 2206 1708 2272 ut
1724 2193 1801 2271 Ro·

392 2341 502 2396 mam
517 2308 784 2423 professurus,
806 2311 1009 2422 privilegia
1024 2309 1234 2394 academia
1250 2310 1480 2395 confirmari
1499 2331 1669 2407 curaret,
1683 2328 1725 2421 p.
1745 2339 1799 2393 11.

330 2463 389 2522 ro.
420 2430 598 2547 Epistola
619 2428 829 2513 academiae
848 2433 897 2514 ad
918 2431 1142 2515 Iconellum
1163 2428 1336 2511 Widevil
1356 2433 1487 2511 Exon.
1506 2429 1674 2515 ecclefrae
1693 2432 1800 2517 deca·

417 2579 519 2635 uum
541 2549 582 2633 in
604 2576 685 2662 qua
703 2552 933 2635 continetur
951 2551 1080 2661 gratia
1098 2550 1134 2632 ei
1154 2547 1330 2632 concessa
1354 2548 1397 2630 in
1417 2549 1726 2659 congregatione
1744 2551 1800 2634 so·

417 2669 555 2765 lemni,
576 2696 721 2780 nempe
738 2671 916 2781 primum
936 2690 983 2752 ut
1003 2671 1054 2752 ad
1071 2666 1425 2752 extraordinariam
1447 2667 1706 2752 decretalium
1727 2672 1799 2754 lco-

388 2887 391 2893 ,
417 2812 552 2873 turam
573 2788 744 2885 admitti,
766 2808 855 2873 tum
875 2791 918 2874 in
938 2789 1103 2874 decretis
1123 2786 1318 2883 licentiati
1338 2786 1466 2899 poffit,
1487 2807 1531 2898 p.
1551 2815 1611 2871 12.

327 2941 387 2998 11.
417 2909 595 3022 Epistola
623 2909 834 2993 academiae
863 2913 911 2994 ad
932 2909 1161 3022 episcopum
1182 2906 1370 2992 Winton.
1392 2925 1438 2991 ut
1458 2909 1552 2993 velit
1570 2909 1625 2992 eis
1645 2909 1798 3023 copiam

417 3033 546 3121 facere
565 3030 705 3113 utendi
726 3029 804 3113 illis
823 3032 1082 3116 edificialibus
1111 3028 1385 3114 instrumentis
1414 3055 1505 3140 quae
1533 3031 1584 3114 ad
1603 3030 1797 3117 clariffirni

415 3153 503 3258 eius
523 3149 679 3258 collegii
699 3149 892 3236 fabricam
912 3168 1142 3264 comparata
1162 3149 1267 3245 sunt,
1291 3167 1334 3259 p.
1356 3177 1413 3258 ¹3·

325 3304 386 3361 12.
415 3273 593 3385 Epistola
613 3270 822 3354 academiae
843 3275 890 3355 ad
910 3272 1138 3385 episcopum
1155 3270 1341 3353 London.
1360 3271 1470 3382 quod
1487 3268 1688 3381 eligerunt
1704 3299 1799 3383 qua-

411 3413 508 3476 tuor
528 3390 633 3471 viros
648 3389 719 3498 qui
738 3391 948 3501 pecuniam
971 3393 1020 3475 ab
1037 3419 1084 3473 eo
1099 3390 1318 3502 reciperent
1336 3416 1410 3499 pro
1425 3390 1675 3475 edificatione
1689 3383 1797 3475 scho-

411 3515 543 3600 larum
564 3510 774 3616 theologia
794 3529 833 3592 et
851 3539 973 3622 quam
995 3512 1173 3622 primurn
1193 3508 1247 3592 eis
1268 3511 1476 3592 redderent
1500 3510 1617 3620 1478,
1642 3530 1683 3622 p.
1703 3540 1768 3616 14,

323 3663 384 3745 13.
413 3632 592 3743 Epistola
612 3630 818 3711 academiae
837 3633 886 3714 ad
902 3633 1107 3715 Thomam
1128 3636 1282 3740 Kempe
1302 3628 1529 3740 episcopum
1544 3634 1732 3714 London.
1753 3648 1797 3713 ut

412 3751 561 3835 scholas
577 3750 788 3859 theologiae
801 3749 1041 3858 jamdudum
1053 3751 1259 3836 inchoatas
1273 3748 1335 3832 fed
1349 3749 1486 3833 multis
1503 3739 1619 3833 annis'
1636 3780 1795 3837 mancas

410 3893 449 3964 et
469 3898 592 3982 prope
612 3870 809 3978 aeglesias
830 3872 1013 3981 perficere
1033 3872 1126 3954 velit
1152 3873 1269 3980 1476,
1292 3885 1335 3979 p.
1353 3896 1412 3977 15.

321 4026 381 4103 14·
412 3992 588 4103 Epistola
604 3990 814 4072 academiae
828 3995 877 4073 ad
892 3991 1121 4102 episcopum
1134 3991 1322 4073 Winton.
1337 4009 1384 4073 ut
1398 3983 1643 4071 coufoederet
1660 4013 1795 4101 pacem
1914 4009 1916 4012 ·

412 4117 517 4197 inter
537 4113 742 4197 Thomam
764 4115 913 4194 Davers
934 4132 973 4195 et
995 4113 1201 4197 doctorem
1221 4111 1411 4223 Haydok,
1435 4126 1477 4218 p.
1496 4110 1556 4192 16.

319 4271 333 4324 1
344 4266 381 4347 5.
411 4233 588 4344 Epistola
607 4232 817 4314 academiae
837 4235 886 4315 ad
905 4233 1112 4315 Thomam
1132 4235 1287 4343 Kempe
1305 4228 1535 4342 episcopum
1555 4225 1734 4310 Londini
1754 4224 1796 4307 in

410 4380 493 4469 qua
509 4348 656 4459 gratias
672 4350 708 4432 ei
723 4369 864 4460 agunt,
884 4354 993 4462 quod
1008 4379 1147 4435 eorum
1168 4350 1351 4463 precibus
1367 4347 1564 4432 adductus
1585 4344 1797 4458 perfcdlio·

385 4562 388 4567 ,
409 4501 502 4555 nem
523 4471 748 4554 scholarum
768 4472 978 4582 theologia
998 4472 1040 4555 in
1060 4472 1097 4556 fe
1116 4471 1344 4583 suscepisset,
1368 4487 1410 4579 p.
1429 4495 1491 4580 17.

320 4595 380 4674 16.
409 4594 502 4675 Alia
523 4592 686 4702 epistola
705 4594 755 4675 ad
773 4595 947 4675 eundem
968 4594 1104 4675 eadem
1126 4595 1247 4689 dere,
1273 4609 1312 4702 p.
1332 4589 1392 4671 18.
1446 4596 1449 4602 '

318 4742 379 4822 17.
409 4714 585 4824 Epistola
615 4712 825 4796 academiae
853 4714 902 4795 ad
927 4713 1156 4824 episcopum
1177 4712 1374 4797 Eliensem
1405 4725 1451 4792 ut
1470 4723 1659 4820 nepotem
1681 4705 1794 4789 suurn

406 4833 526 4918 faciat
546 4833 588 4916 in
608 4834 695 4939 jure
713 4832 909 4916 canonico
929 4836 1151 4944 procedere,
1177 4851 1219 4943 p.
1240 4863 1299 4939 19.

315 4953 377 5040 18.
409 4955 585 5065 Epistola
600 4954 809 5037 academia
824 4957 871 5037 ad
887 4953 1116 5065 episcopum
1128 4950 1475 5046 Herefordensem,
1492 4946 1631 5057 inqua
1646 4942 1791 5053 gratias

406 5075 622 5182 singulares
638 5073 672 5155 ei
688 5075 861 5157 reddunt
878 5101 954 5185 pro
968 5073 1157 5181 singulari
1173 5099 1309 5157 amore
1322 5098 1404 5181 quo
1419 5065 1685 5153 benemeritos
1705 5089 1793 5146 aca-

404 5192 544 5284 demiae
564 5194 667 5279 viros
686 5195 979 5307 compledlitur,
1002 5211 1045 5305 p.
1061 5221 1125 5280 20.
1680 5293 1689 5310 ,

1448 5351 1450 5355 ,
1525 5324 1585 5403 19.
1614 5293 1791 5406 Epistola
