<?xml version="1.0" encoding="UTF-8"?>
<!DOCTYPE html PUBLIC "-//W3C//DTD XHTML 1.0 Transitional//EN"
    "http://www.w3.org/TR/xhtml1/DTD/xhtml1-transitional.dtd">
<html xmlns="http://www.w3.org/1999/xhtml" xml:lang="en" lang="en">
 <head>
  <title>
</title>
<meta http-equiv="Content-Type" content="text/html;charset=utf-8" />
  <meta name='ocr-system' content='tesseract 3.04.00' />
  <meta name='ocr-capabilities' content='ocr_page ocr_carea ocr_par ocr_line ocrx_word'/>
</head>
<body>
  <div class='ocr_page' id='page_1' title='image "./cataloguslibror00librgoog_0136.png"; bbox 0 0 4214 5910; ppageno 0'>
   <div class='ocr_carea' id='block_1_1' title="bbox 878 671 1736 770">
    <p class='ocr_par' dir='ltr' id='par_1_1' title="bbox 878 671 1736 770">
     <span class='ocr_line' id='line_1_1' title="bbox 878 671 1736 770; baseline 0.003 -6"><span class='ocrx_word' id='word_1_1' title='bbox 878 671 1024 764; x_wconf 77' lang='lat' dir='ltr'><strong>cxl.</strong></span> <span class='ocrx_word' id='word_1_2' title='bbox 1649 704 1736 770; x_wconf 90' lang='lat'>121</span> 
     </span>
    </p>
   </div>
   <div class='ocr_carea' id='block_1_2' title="bbox 228 849 1749 1688">
    <p class='ocr_par' dir='ltr' id='par_1_2' title="bbox 228 849 1749 1688">
     <span class='ocr_line' id='line_1_2' title="bbox 228 849 1748 956; baseline 0.001 -20"><span class='ocrx_word' id='word_1_3' title='bbox 228 891 231 896; x_wconf 91' lang='lat'>·</span> <span class='ocrx_word' id='word_1_4' title='bbox 268 857 333 938; x_wconf 88' lang='lat'>16.</span> <span class='ocrx_word' id='word_1_5' title='bbox 361 849 542 938; x_wconf 84' lang='lat' dir='ltr'><strong>Donatio</strong></span> <span class='ocrx_word' id='word_1_6' title='bbox 569 849 871 934; x_wconf 86' lang='lat' dir='ltr'>emanentium</span> <span class='ocrx_word' id='word_1_7' title='bbox 896 849 1047 935; x_wconf 84' lang='lat' dir='ltr'>civitati</span> <span class='ocrx_word' id='word_1_8' title='bbox 1073 849 1246 935; x_wconf 88' lang='lat' dir='ltr'><strong>Bathon.</strong></span> <span class='ocrx_word' id='word_1_9' title='bbox 1274 850 1541 956; x_wconf 83' lang='lat' dir='ltr'><strong>adjacentium</strong></span> <span class='ocrx_word' id='word_1_10' title='bbox 1569 855 1748 937; x_wconf 87' lang='lat' dir='ltr'>Bretanae</span> 
     </span>
     <span class='ocr_line' id='line_1_3' title="bbox 362 972 1747 1084; baseline -0.001 -26"><span class='ocrx_word' id='word_1_11' title='bbox 362 972 561 1058; x_wconf 82' lang='lat' dir='ltr'>abbatiffae</span> <span class='ocrx_word' id='word_1_12' title='bbox 585 975 635 1055; x_wconf 87' lang='lat' dir='ltr'>ad</span> <span class='ocrx_word' id='word_1_13' title='bbox 655 973 968 1056; x_wconf 86' lang='lat' dir='ltr'>construendum</span> <span class='ocrx_word' id='word_1_14' title='bbox 993 972 1277 1055; x_wconf 87' lang='lat' dir='ltr'>monasterium</span> <span class='ocrx_word' id='word_1_15' title='bbox 1299 973 1525 1057; x_wconf 68' lang='lat' dir='ltr'>sanstarum</span> <span class='ocrx_word' id='word_1_16' title='bbox 1545 974 1747 1084; x_wconf 79' lang='lat' dir='ltr'>virginum</span> 
     </span>
     <span class='ocr_line' id='line_1_4' title="bbox 360 1095 1042 1206; baseline -0.003 -30"><span class='ocrx_word' id='word_1_17' title='bbox 360 1123 432 1206; x_wconf 87' lang='lat' dir='ltr'>per</span> <span class='ocrx_word' id='word_1_18' title='bbox 449 1095 633 1177; x_wconf 86' lang='lat' dir='ltr'><strong>Osricum</strong></span> <span class='ocrx_word' id='word_1_19' title='bbox 652 1119 785 1202; x_wconf 86' lang='lat' dir='ltr'>regem</span> <span class='ocrx_word' id='word_1_20' title='bbox 806 1099 857 1175; x_wconf 87' lang='lat' dir='ltr'>A.</span> <span class='ocrx_word' id='word_1_21' title='bbox 873 1097 927 1174; x_wconf 87' lang='lat' dir='ltr'>D.</span> <span class='ocrx_word' id='word_1_22' title='bbox 948 1095 1042 1202; x_wconf 86' lang='lat'><strong>676.</strong></span> 
     </span>
     <span class='ocr_line' id='line_1_5' title="bbox 271 1206 1748 1327; baseline 0.001 -29"><span class='ocrx_word' id='word_1_23' title='bbox 271 1243 332 1327; x_wconf 91' lang='lat'>17.</span> <span class='ocrx_word' id='word_1_24' title='bbox 362 1214 543 1298; x_wconf 84' lang='lat' dir='ltr'><strong>Donatio</strong></span> <span class='ocrx_word' id='word_1_25' title='bbox 564 1238 626 1297; x_wconf 89' lang='lat' dir='ltr'>xx</span> <span class='ocrx_word' id='word_1_26' title='bbox 650 1214 902 1296; x_wconf 84' lang='lat' dir='ltr'><strong>manentium</strong></span> <span class='ocrx_word' id='word_1_27' title='bbox 926 1214 1040 1322; x_wconf 88' lang='lat' dir='ltr'>juxta</span> <span class='ocrx_word' id='word_1_28' title='bbox 1064 1217 1217 1296; x_wconf 85' lang='lat' dir='ltr'><strong>flumen</strong></span> <span class='ocrx_word' id='word_1_29' title='bbox 1237 1214 1413 1296; x_wconf 87' lang='lat' dir='ltr'><strong>Cervelle</strong></span> <span class='ocrx_word' id='word_1_30' title='bbox 1433 1206 1649 1326; x_wconf 71' lang='lat' dir='ltr'>Bernguidi</span> <span class='ocrx_word' id='word_1_31' title='bbox 1677 1220 1748 1300; x_wconf 87' lang='lat' dir='ltr'>ab·</span> 
     </span>
     <span class='ocr_line' id='line_1_6' title="bbox 362 1334 1747 1448; baseline 0.001 -28"><span class='ocrx_word' id='word_1_32' title='bbox 362 1335 509 1420; x_wconf 80' lang='lat' dir='ltr'>batiffae</span> <span class='ocrx_word' id='word_1_33' title='bbox 525 1352 564 1418; x_wconf 90' lang='lat' dir='ltr'>et</span> <span class='ocrx_word' id='word_1_34' title='bbox 578 1334 794 1444; x_wconf 87' lang='lat' dir='ltr'>Folcburgi</span> <span class='ocrx_word' id='word_1_35' title='bbox 812 1353 853 1417; x_wconf 92' lang='lat' dir='ltr'>et</span> <span class='ocrx_word' id='word_1_36' title='bbox 870 1334 1108 1418; x_wconf 87' lang='lat' dir='ltr'>monasterio</span> <span class='ocrx_word' id='word_1_37' title='bbox 1122 1334 1192 1417; x_wconf 90' lang='lat' dir='ltr'>suo</span> <span class='ocrx_word' id='word_1_38' title='bbox 1210 1362 1280 1446; x_wconf 87' lang='lat' dir='ltr'>per</span> <span class='ocrx_word' id='word_1_39' title='bbox 1295 1337 1613 1435; x_wconf 84' lang='lat' dir='ltr'><strong>AEthelmodum,</strong></span> <span class='ocrx_word' id='word_1_40' title='bbox 1627 1357 1668 1448; x_wconf 89' lang='lat' dir='ltr'>p.</span> <span class='ocrx_word' id='word_1_41' title='bbox 1683 1343 1747 1422; x_wconf 88' lang='lat'>60.</span> 
     </span>
     <span class='ocr_line' id='line_1_7' title="bbox 270 1454 1749 1543; baseline 0.001 -1"><span class='ocrx_word' id='word_1_42' title='bbox 270 1460 332 1542; x_wconf 89' lang='lat'>18.</span> <span class='ocrx_word' id='word_1_43' title='bbox 361 1457 540 1541; x_wconf 85' lang='lat' dir='ltr'><strong>Donatio</strong></span> <span class='ocrx_word' id='word_1_44' title='bbox 562 1481 590 1539; x_wconf 97' lang='lat' dir='ltr'>x</span> <span class='ocrx_word' id='word_1_45' title='bbox 613 1454 842 1538; x_wconf 88' lang='lat' dir='ltr'>mansarum</span> <span class='ocrx_word' id='word_1_46' title='bbox 871 1455 914 1537; x_wconf 88' lang='lat' dir='ltr'>in</span> <span class='ocrx_word' id='word_1_47' title='bbox 935 1454 1093 1538; x_wconf 83' lang='lat' dir='ltr'>Pristun</span> <span class='ocrx_word' id='word_1_48' title='bbox 1121 1474 1162 1537; x_wconf 90' lang='lat' dir='ltr'>et</span> <span class='ocrx_word' id='word_1_49' title='bbox 1192 1477 1221 1537; x_wconf 91' lang='lat' dir='ltr'>v</span> <span class='ocrx_word' id='word_1_50' title='bbox 1244 1455 1287 1537; x_wconf 89' lang='lat' dir='ltr'>in</span> <span class='ocrx_word' id='word_1_51' title='bbox 1308 1456 1477 1540; x_wconf 63' lang='lat' dir='ltr'>AEscxun</span> <span class='ocrx_word' id='word_1_52' title='bbox 1508 1460 1749 1543; x_wconf 88' lang='lat' dir='ltr'>monasterio</span> 
     </span>
     <span class='ocr_line' id='line_1_8' title="bbox 247 1577 1707 1688; baseline 0.001 -26"><span class='ocrx_word' id='word_1_53' title='bbox 247 1582 264 1627; x_wconf 38' lang='lat'>¹*</span> <span class='ocrx_word' id='word_1_54' title='bbox 365 1586 400 1662; x_wconf 87' lang='lat' dir='ltr'>S.</span> <span class='ocrx_word' id='word_1_55' title='bbox 417 1579 524 1661; x_wconf 86' lang='lat' dir='ltr'>Petri</span> <span class='ocrx_word' id='word_1_56' title='bbox 543 1601 599 1658; x_wconf 73' lang='lat' dir='ltr'>aev</span> <span class='ocrx_word' id='word_1_57' title='bbox 614 1577 758 1656; x_wconf 68' lang='lat' dir='ltr'>Ba‘fium</span> <span class='ocrx_word' id='word_1_58' title='bbox 778 1605 849 1688; x_wconf 90' lang='lat' dir='ltr'>per</span> <span class='ocrx_word' id='word_1_59' title='bbox 868 1577 1151 1658; x_wconf 82' lang='lat' dir='ltr'><strong>Athelstanum</strong></span> <span class='ocrx_word' id='word_1_60' title='bbox 1170 1604 1303 1686; x_wconf 87' lang='lat' dir='ltr'>regem</span> <span class='ocrx_word' id='word_1_61' title='bbox 1325 1583 1375 1659; x_wconf 90' lang='lat' dir='ltr'>A.</span> <span class='ocrx_word' id='word_1_62' title='bbox 1392 1582 1443 1661; x_wconf 93' lang='lat' dir='ltr'>D.</span> <span class='ocrx_word' id='word_1_63' title='bbox 1467 1607 1560 1686; x_wconf 81' lang='lat'><strong>931,</strong></span> <span class='ocrx_word' id='word_1_64' title='bbox 1582 1597 1624 1688; x_wconf 82' lang='lat' dir='ltr'>p.</span> <span class='ocrx_word' id='word_1_65' title='bbox 1640 1583 1707 1664; x_wconf 88' lang='lat'>61.</span> 
     </span>
    </p>
   </div>
   <div class='ocr_carea' id='block_1_3' title="bbox 125 1696 1748 1810">
    <p class='ocr_par' dir='ltr' id='par_1_3' title="bbox 125 1696 1748 1810">
     <span class='ocr_line' id='line_1_9' title="bbox 125 1696 1748 1810; baseline -0.001 -24"><span class='ocrx_word' id='word_1_66' title='bbox 125 1697 128 1701; x_wconf 62' lang='grc'><strong>’</strong></span> <span class='ocrx_word' id='word_1_67' title='bbox 273 1733 334 1810; x_wconf 90' lang='lat'>19.</span> <span class='ocrx_word' id='word_1_68' title='bbox 363 1699 543 1784; x_wconf 86' lang='lat' dir='ltr'><strong>Donatio</strong></span> <span class='ocrx_word' id='word_1_69' title='bbox 575 1721 602 1779; x_wconf 92' lang='lat' dir='ltr'>x</span> <span class='ocrx_word' id='word_1_70' title='bbox 636 1696 864 1780; x_wconf 82' lang='lat' dir='ltr'>mansarum</span> <span class='ocrx_word' id='word_1_71' title='bbox 891 1722 946 1777; x_wconf 67' lang='grc' dir='ltr'>ετ</span> <span class='ocrx_word' id='word_1_72' title='bbox 971 1698 1207 1780; x_wconf 78' lang='lat' dir='ltr'>corsantunc</span> <span class='ocrx_word' id='word_1_73' title='bbox 1237 1697 1396 1781; x_wconf 87' lang='lat' dir='ltr'>cuidam</span> <span class='ocrx_word' id='word_1_74' title='bbox 1430 1700 1536 1783; x_wconf 89' lang='lat' dir='ltr'>fideli</span> <span class='ocrx_word' id='word_1_75' title='bbox 1568 1702 1748 1785; x_wconf 83' lang='lat' dir='ltr'>ministro</span> 
     </span>
    </p>
   </div>
   <div class='ocr_carea' id='block_1_4' title="bbox 235 1817 1750 5062">
    <p class='ocr_par' dir='ltr' id='par_1_4' title="bbox 362 1817 1749 1930">
     <span class='ocr_line' id='line_1_10' title="bbox 362 1817 1749 1930; baseline 0.001 -28"><span class='ocrx_word' id='word_1_76' title='bbox 362 1818 538 1904; x_wconf 86' lang='lat' dir='ltr'>vocitato</span> <span class='ocrx_word' id='word_1_77' title='bbox 557 1817 825 1900; x_wconf 84' lang='lat' dir='ltr'>AEthelnotho</span> <span class='ocrx_word' id='word_1_78' title='bbox 843 1843 911 1924; x_wconf 87' lang='lat' dir='ltr'>per</span> <span class='ocrx_word' id='word_1_79' title='bbox 930 1818 1193 1896; x_wconf 86' lang='lat' dir='ltr'>Edmundum</span> <span class='ocrx_word' id='word_1_80' title='bbox 1214 1841 1346 1922; x_wconf 87' lang='lat' dir='ltr'>regem</span> <span class='ocrx_word' id='word_1_81' title='bbox 1366 1824 1416 1899; x_wconf 90' lang='lat' dir='ltr'>A.</span> <span class='ocrx_word' id='word_1_82' title='bbox 1435 1823 1487 1900; x_wconf 92' lang='lat' dir='ltr'>D.</span> <span class='ocrx_word' id='word_1_83' title='bbox 1508 1849 1602 1928; x_wconf 86' lang='lat'><strong>941,</strong></span> <span class='ocrx_word' id='word_1_84' title='bbox 1623 1840 1666 1930; x_wconf 83' lang='lat' dir='ltr'>p.</span> <span class='ocrx_word' id='word_1_85' title='bbox 1682 1821 1749 1905; x_wconf 93' lang='grc'>66.</span> 
     </span>
    </p>

    <p class='ocr_par' dir='ltr' id='par_1_5' title="bbox 267 1932 1749 2168">
     <span class='ocr_line' id='line_1_11' title="bbox 267 1932 1749 2026; baseline -0.001 -1"><span class='ocrx_word' id='word_1_86' title='bbox 267 1969 333 2025; x_wconf 93' lang='lat'>20.</span> <span class='ocrx_word' id='word_1_87' title='bbox 362 1936 543 2022; x_wconf 86' lang='lat' dir='ltr'><strong>Donatio</strong></span> <span class='ocrx_word' id='word_1_88' title='bbox 564 1959 593 2017; x_wconf 87' lang='lat' dir='ltr'>v</span> <span class='ocrx_word' id='word_1_89' title='bbox 617 1933 845 2017; x_wconf 88' lang='lat' dir='ltr'>mansarum</span> <span class='ocrx_word' id='word_1_90' title='bbox 865 1956 921 2014; x_wconf 72' lang='lat' dir='ltr'>aec</span> <span class='ocrx_word' id='word_1_91' title='bbox 939 1936 1132 2016; x_wconf 83' lang='lat' dir='ltr'>Westune</span> <span class='ocrx_word' id='word_1_92' title='bbox 1153 1932 1311 2016; x_wconf 87' lang='lat' dir='ltr'>cuidam</span> <span class='ocrx_word' id='word_1_93' title='bbox 1333 1936 1438 2019; x_wconf 87' lang='lat' dir='ltr'><strong>fideli</strong></span> <span class='ocrx_word' id='word_1_94' title='bbox 1468 1939 1649 2022; x_wconf 81' lang='lat' dir='ltr'>ministro</span> <span class='ocrx_word' id='word_1_95' title='bbox 1673 1969 1749 2026; x_wconf 90' lang='lat' dir='ltr'>no·</span> 
     </span>
     <span class='ocr_line' id='line_1_12' title="bbox 363 2055 1619 2168; baseline -0.001 -26"><span class='ocrx_word' id='word_1_96' title='bbox 363 2059 471 2142; x_wconf 88' lang='lat' dir='ltr'>mine</span> <span class='ocrx_word' id='word_1_97' title='bbox 490 2056 690 2138; x_wconf 82' lang='lat' dir='ltr'>AEthelere</span> <span class='ocrx_word' id='word_1_98' title='bbox 709 2083 779 2164; x_wconf 85' lang='lat' dir='ltr'>per</span> <span class='ocrx_word' id='word_1_99' title='bbox 799 2055 1063 2138; x_wconf 84' lang='lat' dir='ltr'>Edmundum</span> <span class='ocrx_word' id='word_1_100' title='bbox 1084 2081 1216 2163; x_wconf 88' lang='lat' dir='ltr'>regem</span> <span class='ocrx_word' id='word_1_101' title='bbox 1237 2057 1286 2136; x_wconf 90' lang='lat' dir='ltr'><strong>A.</strong></span> <span class='ocrx_word' id='word_1_102' title='bbox 1303 2058 1355 2136; x_wconf 93' lang='lat' dir='ltr'>D.</span> <span class='ocrx_word' id='word_1_103' title='bbox 1379 2061 1472 2163; x_wconf 88' lang='lat'>946,</span> <span class='ocrx_word' id='word_1_104' title='bbox 1495 2077 1536 2167; x_wconf 85' lang='lat' dir='ltr'>p.</span> <span class='ocrx_word' id='word_1_105' title='bbox 1553 2060 1619 2168; x_wconf 86' lang='lat'>67.</span> 
     </span>
    </p>

    <p class='ocr_par' dir='ltr' id='par_1_6' title="bbox 267 2174 1750 2408">
     <span class='ocr_line' id='line_1_13' title="bbox 267 2174 1750 2267; baseline -0.002 0"><span class='ocrx_word' id='word_1_106' title='bbox 267 2212 331 2267; x_wconf 87' lang='lat'>21.</span> <span class='ocrx_word' id='word_1_107' title='bbox 361 2179 541 2264; x_wconf 88' lang='lat' dir='ltr'><strong>Donatio</strong></span> <span class='ocrx_word' id='word_1_108' title='bbox 563 2200 590 2258; x_wconf 90' lang='lat' dir='ltr'>x</span> <span class='ocrx_word' id='word_1_109' title='bbox 614 2174 842 2258; x_wconf 85' lang='lat' dir='ltr'><strong>mansarum</strong></span> <span class='ocrx_word' id='word_1_110' title='bbox 864 2198 920 2254; x_wconf 73' lang='lat' dir='ltr'>aev</span> <span class='ocrx_word' id='word_1_111' title='bbox 938 2174 1174 2258; x_wconf 86' lang='lat' dir='ltr'>corsantune</span> <span class='ocrx_word' id='word_1_112' title='bbox 1191 2176 1349 2258; x_wconf 86' lang='lat' dir='ltr'>cuidam</span> <span class='ocrx_word' id='word_1_113' title='bbox 1369 2176 1475 2259; x_wconf 87' lang='lat' dir='ltr'>fideli</span> <span class='ocrx_word' id='word_1_114' title='bbox 1494 2179 1655 2263; x_wconf 84' lang='lat' dir='ltr'>feminae</span> <span class='ocrx_word' id='word_1_115' title='bbox 1673 2208 1750 2264; x_wconf 89' lang='lat' dir='ltr'>no·</span> 
     </span>
     <span class='ocr_line' id='line_1_14' title="bbox 364 2297 1621 2408; baseline -0.003 -24"><span class='ocrx_word' id='word_1_116' title='bbox 364 2301 473 2384; x_wconf 85' lang='lat' dir='ltr'>mine</span> <span class='ocrx_word' id='word_1_117' title='bbox 493 2297 718 2408; x_wconf 82' lang='lat' dir='ltr'><strong>AElfswydae</strong></span> <span class='ocrx_word' id='word_1_118' title='bbox 736 2325 807 2406; x_wconf 84' lang='lat' dir='ltr'>per</span> <span class='ocrx_word' id='word_1_119' title='bbox 825 2298 1062 2406; x_wconf 86' lang='lat' dir='ltr'>Eadwigum</span> <span class='ocrx_word' id='word_1_120' title='bbox 1084 2324 1217 2406; x_wconf 82' lang='lat' dir='ltr'>regem</span> <span class='ocrx_word' id='word_1_121' title='bbox 1236 2304 1286 2380; x_wconf 94' lang='lat' dir='ltr'><strong>A.</strong></span> <span class='ocrx_word' id='word_1_122' title='bbox 1303 2301 1356 2379; x_wconf 95' lang='lat' dir='ltr'>D.</span> <span class='ocrx_word' id='word_1_123' title='bbox 1377 2303 1470 2406; x_wconf 92' lang='grc'>956,</span> <span class='ocrx_word' id='word_1_124' title='bbox 1494 2318 1535 2408; x_wconf 85' lang='lat' dir='ltr'>p.</span> <span class='ocrx_word' id='word_1_125' title='bbox 1554 2327 1621 2407; x_wconf 89' lang='lat'><strong>70.</strong></span> 
     </span>
    </p>

    <p class='ocr_par' dir='ltr' id='par_1_7' title="bbox 270 2417 1750 2769">
     <span class='ocr_line' id='line_1_15' title="bbox 270 2417 1750 2509; baseline -0.003 -1"><span class='ocrx_word' id='word_1_126' title='bbox 270 2453 333 2509; x_wconf 88' lang='lat'><strong>22.</strong></span> <span class='ocrx_word' id='word_1_127' title='bbox 364 2418 551 2505; x_wconf 81' lang='lat' dir='ltr'>Redditio</span> <span class='ocrx_word' id='word_1_128' title='bbox 580 2440 607 2499; x_wconf 89' lang='lat' dir='ltr'>v</span> <span class='ocrx_word' id='word_1_129' title='bbox 637 2417 863 2498; x_wconf 89' lang='lat' dir='ltr'>mansarum</span> <span class='ocrx_word' id='word_1_130' title='bbox 888 2441 944 2498; x_wconf 74' lang='lat' dir='ltr'>aec</span> <span class='ocrx_word' id='word_1_131' title='bbox 969 2417 1167 2498; x_wconf 88' lang='lat' dir='ltr'>alvestune</span> <span class='ocrx_word' id='word_1_132' title='bbox 1196 2435 1235 2498; x_wconf 89' lang='lat' dir='ltr'>et</span> <span class='ocrx_word' id='word_1_133' title='bbox 1265 2417 1432 2500; x_wconf 83' lang='lat' dir='ltr'><strong>aliarum</strong></span> <span class='ocrx_word' id='word_1_134' title='bbox 1463 2443 1567 2500; x_wconf 69' lang='lat' dir='ltr'>vaet</span> <span class='ocrx_word' id='word_1_135' title='bbox 1585 2421 1750 2504; x_wconf 85' lang='lat' dir='ltr'>AEstune</span> 
     </span>
     <span class='ocr_line' id='line_1_16' title="bbox 363 2536 1749 2652; baseline 0.001 -30"><span class='ocrx_word' id='word_1_136' title='bbox 363 2569 462 2652; x_wconf 92' lang='lat' dir='ltr'>quas</span> <span class='ocrx_word' id='word_1_137' title='bbox 483 2537 754 2633; x_wconf 71' lang='lat' dir='ltr'><strong>AEthelstanus</strong></span> <span class='ocrx_word' id='word_1_138' title='bbox 786 2564 851 2617; x_wconf 85' lang='lat' dir='ltr'>rex</span> <span class='ocrx_word' id='word_1_139' title='bbox 880 2539 1080 2617; x_wconf 83' lang='lat' dir='ltr'>obtulerat</span> <span class='ocrx_word' id='word_1_140' title='bbox 1109 2536 1274 2617; x_wconf 83' lang='lat' dir='ltr'><strong>ecclefiae</strong></span> <span class='ocrx_word' id='word_1_141' title='bbox 1299 2539 1343 2616; x_wconf 90' lang='lat' dir='ltr'>B.</span> <span class='ocrx_word' id='word_1_142' title='bbox 1359 2537 1465 2618; x_wconf 89' lang='lat' dir='ltr'>Petri</span> <span class='ocrx_word' id='word_1_143' title='bbox 1494 2537 1536 2619; x_wconf 89' lang='lat' dir='ltr'>in</span> <span class='ocrx_word' id='word_1_144' title='bbox 1557 2540 1749 2623; x_wconf 83' lang='lat' dir='ltr'>Bathonis</span> 
     </span>
     <span class='ocr_line' id='line_1_17' title="bbox 362 2656 1750 2769; baseline 0 -26"><span class='ocrx_word' id='word_1_145' title='bbox 362 2659 521 2745; x_wconf 88' lang='lat' dir='ltr'>civitate</span> <span class='ocrx_word' id='word_1_146' title='bbox 558 2684 688 2768; x_wconf 84' lang='lat' dir='ltr'>nuper</span> <span class='ocrx_word' id='word_1_147' title='bbox 725 2656 935 2767; x_wconf 86' lang='lat' dir='ltr'>tyrannide</span> <span class='ocrx_word' id='word_1_148' title='bbox 979 2656 1263 2739; x_wconf 63' lang='lat' dir='ltr'>abstraaarum</span> <span class='ocrx_word' id='word_1_149' title='bbox 1302 2685 1375 2768; x_wconf 82' lang='lat' dir='ltr'>per</span> <span class='ocrx_word' id='word_1_150' title='bbox 1411 2659 1648 2769; x_wconf 85' lang='lat' dir='ltr'>Eadwigum</span> <span class='ocrx_word' id='word_1_151' title='bbox 1688 2688 1750 2744; x_wconf 87' lang='lat' dir='ltr'>re-</span> 
     </span>
    </p>

    <p class='ocr_par' dir='ltr' id='par_1_8' title="bbox 391 2798 1091 2888">
     <span class='ocr_line' id='line_1_18' title="bbox 391 2798 1091 2888; baseline -0.01 -25"><span class='ocrx_word' id='word_1_152' title='bbox 391 2809 470 2877; x_wconf 87' lang='lat' dir='ltr'>em,</span> <span class='ocrx_word' id='word_1_153' title='bbox 492 2798 534 2888; x_wconf 88' lang='lat' dir='ltr'><strong>p.</strong></span> <span class='ocrx_word' id='word_1_154' title='bbox 551 2806 617 2888; x_wconf 90' lang='lat'><strong>71.</strong></span> <span class='ocrx_word' id='word_1_155' title='bbox 1088 2810 1091 2814; x_wconf 62' lang='grc'><strong><em>’</em></strong></span> 
     </span>
    </p>

    <p class='ocr_par' dir='ltr' id='par_1_9' title="bbox 270 2811 1750 3248">
     <span class='ocr_line' id='line_1_19' title="bbox 270 2811 1749 3014; baseline -0.002 -27"><span class='ocrx_word' id='word_1_156' title='bbox 270 2933 335 3014; x_wconf 78' lang='grc'>25.</span> <span class='ocrx_word' id='word_1_157' title='bbox 364 2811 593 2985; x_wconf 59' lang='lat' dir='ltr'>{onventio</span> <span class='ocrx_word' id='word_1_158' title='bbox 634 2897 738 2980; x_wconf 85' lang='lat' dir='ltr'>inter</span> <span class='ocrx_word' id='word_1_159' title='bbox 775 2896 1009 3005; x_wconf 82' lang='lat' dir='ltr'>stigandum</span> <span class='ocrx_word' id='word_1_160' title='bbox 1050 2895 1388 3007; x_wconf 81' lang='lat' dir='ltr'>archiepiscopum</span> <span class='ocrx_word' id='word_1_161' title='bbox 1429 2919 1467 2979; x_wconf 88' lang='lat' dir='ltr'>et</span> <span class='ocrx_word' id='word_1_162' title='bbox 1504 2924 1749 2985; x_wconf 87' lang='lat' dir='ltr'>conventum</span> 
     </span>
     <span class='ocr_line' id='line_1_20' title="bbox 365 3015 1750 3128; baseline -0.013 -23"><span class='ocrx_word' id='word_1_163' title='bbox 365 3021 502 3128; x_wconf 69' lang='lat' dir='ltr'><strong>Bathae</strong></span> <span class='ocrx_word' id='word_1_164' title='bbox 522 3021 569 3098; x_wconf 86' lang='lat' dir='ltr'>de</span> <span class='ocrx_word' id='word_1_165' title='bbox 588 3015 809 3100; x_wconf 82' lang='lat' dir='ltr'>dimiffione</span> <span class='ocrx_word' id='word_1_166' title='bbox 832 3039 926 3098; x_wconf 90' lang='lat' dir='ltr'>xxx</span> <span class='ocrx_word' id='word_1_167' title='bbox 950 3015 1135 3099; x_wconf 81' lang='lat' dir='ltr'>hidarum</span> <span class='ocrx_word' id='word_1_168' title='bbox 1157 3035 1270 3098; x_wconf 83' lang='lat' dir='ltr'>terrae</span> <span class='ocrx_word' id='word_1_169' title='bbox 1289 3019 1607 3112; x_wconf 66' lang='grc'>6667666616196,</span> <span class='ocrx_word' id='word_1_170' title='bbox 1628 3024 1750 3106; x_wconf 69' lang='lat' dir='ltr'><strong>saxo.</strong></span> 
     </span>
     <span class='ocr_line' id='line_1_21' title="bbox 365 3143 613 3248; baseline -0.024 -22"><span class='ocrx_word' id='word_1_171' title='bbox 365 3143 467 3237; x_wconf 85' lang='lat' dir='ltr'>nice‚</span> <span class='ocrx_word' id='word_1_172' title='bbox 489 3157 530 3248; x_wconf 83' lang='lat' dir='ltr'>p.</span> <span class='ocrx_word' id='word_1_173' title='bbox 547 3165 613 3247; x_wconf 89' lang='lat'><strong>72.</strong></span> 
     </span>
    </p>

    <p class='ocr_par' dir='ltr' id='par_1_10' title="bbox 270 3253 1749 3495">
     <span class='ocr_line' id='line_1_22' title="bbox 270 3253 1749 3370; baseline -0.003 -23"><span class='ocrx_word' id='word_1_174' title='bbox 270 3294 334 3370; x_wconf 82' lang='lat'>24.</span> <span class='ocrx_word' id='word_1_175' title='bbox 366 3260 582 3345; x_wconf 84' lang='lat' dir='ltr'>Restitutio</span> <span class='ocrx_word' id='word_1_176' title='bbox 600 3282 628 3339; x_wconf 84' lang='lat' dir='ltr'>v</span> <span class='ocrx_word' id='word_1_177' title='bbox 646 3258 831 3340; x_wconf 80' lang='lat' dir='ltr'>hidarum</span> <span class='ocrx_word' id='word_1_178' title='bbox 851 3278 908 3337; x_wconf 75' lang='lat' dir='ltr'>aev</span> <span class='ocrx_word' id='word_1_179' title='bbox 921 3256 1114 3338; x_wconf 88' lang='lat' dir='ltr'>Westune</span> <span class='ocrx_word' id='word_1_180' title='bbox 1134 3253 1299 3338; x_wconf 83' lang='lat' dir='ltr'>ecclefiae</span> <span class='ocrx_word' id='word_1_181' title='bbox 1319 3259 1356 3338; x_wconf 93' lang='grc'>8.</span> <span class='ocrx_word' id='word_1_182' title='bbox 1369 3254 1474 3338; x_wconf 89' lang='lat' dir='ltr'>Petri</span> <span class='ocrx_word' id='word_1_183' title='bbox 1493 3255 1536 3338; x_wconf 90' lang='lat' dir='ltr'>in</span> <span class='ocrx_word' id='word_1_184' title='bbox 1551 3258 1749 3344; x_wconf 78' lang='lat' dir='ltr'>Bathonia</span> 
     </span>
     <span class='ocr_line' id='line_1_23' title="bbox 365 3379 1248 3495; baseline -0.006 -31"><span class='ocrx_word' id='word_1_185' title='bbox 365 3411 435 3495; x_wconf 89' lang='lat' dir='ltr'>per</span> <span class='ocrx_word' id='word_1_186' title='bbox 454 3409 585 3489; x_wconf 85' lang='lat' dir='ltr'><strong>regem</strong></span> <span class='ocrx_word' id='word_1_187' title='bbox 606 3379 842 3488; x_wconf 80' lang='lat' dir='ltr'>Eadwigum</span> <span class='ocrx_word' id='word_1_188' title='bbox 869 3384 915 3460; x_wconf 89' lang='lat' dir='ltr'><strong>A.</strong></span> <span class='ocrx_word' id='word_1_189' title='bbox 931 3382 984 3460; x_wconf 93' lang='lat' dir='ltr'><strong>D.</strong></span> <span class='ocrx_word' id='word_1_190' title='bbox 1008 3381 1101 3486; x_wconf 80' lang='grc'>961,</span> <span class='ocrx_word' id='word_1_191' title='bbox 1127 3397 1165 3486; x_wconf 83' lang='lat' dir='ltr'>p.</span> <span class='ocrx_word' id='word_1_192' title='bbox 1182 3405 1248 3485; x_wconf 86' lang='grc'>75.</span> 
     </span>
    </p>

    <p class='ocr_par' dir='ltr' id='par_1_11' title="bbox 272 3495 1749 3729">
     <span class='ocr_line' id='line_1_24' title="bbox 272 3495 1749 3616; baseline -0.003 -28"><span class='ocrx_word' id='word_1_193' title='bbox 272 3533 336 3616; x_wconf 89' lang='grc'>25.</span> <span class='ocrx_word' id='word_1_194' title='bbox 366 3501 546 3586; x_wconf 87' lang='lat' dir='ltr'><strong>Donatio</strong></span> <span class='ocrx_word' id='word_1_195' title='bbox 575 3524 602 3583; x_wconf 89' lang='lat' dir='ltr'>v</span> <span class='ocrx_word' id='word_1_196' title='bbox 626 3499 851 3582; x_wconf 86' lang='lat' dir='ltr'>mansarum</span> <span class='ocrx_word' id='word_1_197' title='bbox 874 3501 1058 3580; x_wconf 85' lang='lat' dir='ltr'>Hamtun</span> <span class='ocrx_word' id='word_1_198' title='bbox 1081 3496 1246 3580; x_wconf 86' lang='lat' dir='ltr'>nomine</span> <span class='ocrx_word' id='word_1_199' title='bbox 1267 3495 1425 3578; x_wconf 86' lang='lat' dir='ltr'>cuidam</span> <span class='ocrx_word' id='word_1_200' title='bbox 1449 3495 1749 3583; x_wconf 85' lang='lat' dir='ltr'>familiariffimo</span> 
     </span>
     <span class='ocr_line' id='line_1_25' title="bbox 365 3619 1644 3729; baseline -0.003 -23"><span class='ocrx_word' id='word_1_201' title='bbox 365 3621 530 3706; x_wconf 82' lang='lat' dir='ltr'>nomine</span> <span class='ocrx_word' id='word_1_202' title='bbox 551 3623 742 3703; x_wconf 87' lang='lat' dir='ltr'>Hethelm</span> <span class='ocrx_word' id='word_1_203' title='bbox 764 3647 835 3729; x_wconf 82' lang='lat' dir='ltr'>per</span> <span class='ocrx_word' id='word_1_204' title='bbox 854 3619 1089 3726; x_wconf 80' lang='lat' dir='ltr'>Eadwigum</span> <span class='ocrx_word' id='word_1_205' title='bbox 1112 3646 1241 3727; x_wconf 86' lang='lat' dir='ltr'><strong>regem</strong></span> <span class='ocrx_word' id='word_1_206' title='bbox 1264 3622 1312 3698; x_wconf 91' lang='lat' dir='ltr'><strong>A.</strong></span> <span class='ocrx_word' id='word_1_207' title='bbox 1331 3621 1382 3698; x_wconf 93' lang='lat' dir='ltr'>D.</span> <span class='ocrx_word' id='word_1_208' title='bbox 1404 3627 1496 3724; x_wconf 92' lang='grc'>956,</span> <span class='ocrx_word' id='word_1_209' title='bbox 1520 3637 1563 3728; x_wconf 88' lang='lat' dir='ltr'>p.</span> <span class='ocrx_word' id='word_1_210' title='bbox 1579 3647 1644 3728; x_wconf 87' lang='lat'><strong>74.</strong></span> 
     </span>
    </p>

    <p class='ocr_par' dir='ltr' id='par_1_12' title="bbox 271 3736 1748 3969">
     <span class='ocr_line' id='line_1_26' title="bbox 271 3736 1748 3830; baseline -0.002 -2"><span class='ocrx_word' id='word_1_211' title='bbox 271 3749 334 3830; x_wconf 87' lang='lat'>26.</span> <span class='ocrx_word' id='word_1_212' title='bbox 364 3741 544 3828; x_wconf 83' lang='lat' dir='ltr'><strong>Donatio</strong></span> <span class='ocrx_word' id='word_1_213' title='bbox 568 3765 594 3824; x_wconf 93' lang='lat' dir='ltr'>x</span> <span class='ocrx_word' id='word_1_214' title='bbox 619 3739 846 3823; x_wconf 87' lang='lat' dir='ltr'>mansarum</span> <span class='ocrx_word' id='word_1_215' title='bbox 867 3763 922 3819; x_wconf 75' lang='lat' dir='ltr'>aev</span> <span class='ocrx_word' id='word_1_216' title='bbox 940 3738 1054 3819; x_wconf 80' lang='lat' dir='ltr'>forda</span> <span class='ocrx_word' id='word_1_217' title='bbox 1079 3736 1287 3819; x_wconf 83' lang='lat' dir='ltr'><strong>coenobitis</strong></span> <span class='ocrx_word' id='word_1_218' title='bbox 1317 3737 1392 3816; x_wconf 89' lang='lat' dir='ltr'>deo</span> <span class='ocrx_word' id='word_1_219' title='bbox 1421 3736 1676 3822; x_wconf 84' lang='lat' dir='ltr'>servientibus</span> <span class='ocrx_word' id='word_1_220' title='bbox 1705 3741 1748 3826; x_wconf 88' lang='lat' dir='ltr'>in</span> 
     </span>
     <span class='ocr_line' id='line_1_27' title="bbox 365 3855 1747 3969; baseline 0 -23"><span class='ocrx_word' id='word_1_221' title='bbox 365 3861 604 3946; x_wconf 84' lang='lat' dir='ltr'>monasterio</span> <span class='ocrx_word' id='word_1_222' title='bbox 633 3866 670 3945; x_wconf 89' lang='grc'>8.</span> <span class='ocrx_word' id='word_1_223' title='bbox 687 3858 792 3944; x_wconf 81' lang='lat' dir='ltr'>Petri</span> <span class='ocrx_word' id='word_1_224' title='bbox 821 3859 864 3942; x_wconf 90' lang='lat' dir='ltr'>in</span> <span class='ocrx_word' id='word_1_225' title='bbox 892 3858 1092 3944; x_wconf 83' lang='lat' dir='ltr'>Bathonia</span> <span class='ocrx_word' id='word_1_226' title='bbox 1120 3886 1189 3969; x_wconf 89' lang='lat' dir='ltr'>per</span> <span class='ocrx_word' id='word_1_227' title='bbox 1206 3855 1444 3966; x_wconf 78' lang='lat' dir='ltr'>Eadwigum</span> <span class='ocrx_word' id='word_1_228' title='bbox 1474 3878 1605 3969; x_wconf 80' lang='lat' dir='ltr'>regem</span> <span class='ocrx_word' id='word_1_229' title='bbox 1626 3864 1677 3944; x_wconf 91' lang='lat' dir='ltr'><strong>A.</strong></span> <span class='ocrx_word' id='word_1_230' title='bbox 1695 3866 1747 3947; x_wconf 93' lang='lat' dir='ltr'><strong>D.</strong></span> 
     </span>
    </p>

    <p class='ocr_par' dir='ltr' id='par_1_13' title="bbox 270 4097 1745 4333">
     <span class='ocr_line' id='line_1_28' title="bbox 270 4097 1745 4217; baseline -0.007 -26"><span class='ocrx_word' id='word_1_231' title='bbox 270 4136 335 4217; x_wconf 95' lang='grc'>27.</span> <span class='ocrx_word' id='word_1_232' title='bbox 364 4104 543 4188; x_wconf 84' lang='lat' dir='ltr'><strong>Donatio</strong></span> <span class='ocrx_word' id='word_1_233' title='bbox 568 4127 594 4185; x_wconf 89' lang='lat' dir='ltr'>v</span> <span class='ocrx_word' id='word_1_234' title='bbox 613 4101 866 4213; x_wconf 85' lang='lat' dir='ltr'>manfionum</span> <span class='ocrx_word' id='word_1_235' title='bbox 887 4102 928 4184; x_wconf 89' lang='lat' dir='ltr'>in</span> <span class='ocrx_word' id='word_1_236' title='bbox 945 4101 1163 4184; x_wconf 90' lang='lat' dir='ltr'>Northstoc</span> <span class='ocrx_word' id='word_1_237' title='bbox 1181 4100 1371 4185; x_wconf 70' lang='lat' dir='ltr'>fratribus</span> <span class='ocrx_word' id='word_1_238' title='bbox 1390 4097 1433 4182; x_wconf 88' lang='lat' dir='ltr'>in</span> <span class='ocrx_word' id='word_1_239' title='bbox 1453 4100 1691 4184; x_wconf 84' lang='lat' dir='ltr'>monasterio</span> <span class='ocrx_word' id='word_1_240' title='bbox 1709 4105 1745 4182; x_wconf 87' lang='grc'>8.</span> 
     </span>
     <span class='ocr_line' id='line_1_29' title="bbox 365 4221 1561 4333; baseline -0.006 -23"><span class='ocrx_word' id='word_1_241' title='bbox 365 4224 470 4310; x_wconf 86' lang='lat' dir='ltr'>Petri</span> <span class='ocrx_word' id='word_1_242' title='bbox 491 4225 662 4306; x_wconf 87' lang='lat' dir='ltr'><strong>Bathon.</strong></span> <span class='ocrx_word' id='word_1_243' title='bbox 683 4251 753 4332; x_wconf 88' lang='lat' dir='ltr'>per</span> <span class='ocrx_word' id='word_1_244' title='bbox 772 4221 997 4333; x_wconf 81' lang='lat' dir='ltr'><strong>Cynulfum</strong></span> <span class='ocrx_word' id='word_1_245' title='bbox 1019 4249 1150 4330; x_wconf 81' lang='lat' dir='ltr'>regem</span> <span class='ocrx_word' id='word_1_246' title='bbox 1172 4226 1221 4303; x_wconf 92' lang='lat' dir='ltr'><strong>A.</strong></span> <span class='ocrx_word' id='word_1_247' title='bbox 1240 4226 1292 4303; x_wconf 89' lang='lat' dir='ltr'>D.</span> <span class='ocrx_word' id='word_1_248' title='bbox 1319 4221 1409 4300; x_wconf 85' lang='lat'><strong>808.</strong></span> <span class='ocrx_word' id='word_1_249' title='bbox 1432 4237 1475 4327; x_wconf 89' lang='lat' dir='ltr'><strong>p.</strong></span> <span class='ocrx_word' id='word_1_250' title='bbox 1494 4247 1561 4327; x_wconf 89' lang='lat'>77.</span> 
     </span>
    </p>

    <p class='ocr_par' dir='ltr' id='par_1_14' title="bbox 269 4339 1746 4575">
     <span class='ocr_line' id='line_1_30' title="bbox 269 4339 1746 4451; baseline -0.004 -21"><span class='ocrx_word' id='word_1_251' title='bbox 269 4348 334 4432; x_wconf 89' lang='lat'>28.</span> <span class='ocrx_word' id='word_1_252' title='bbox 362 4343 579 4429; x_wconf 80' lang='lat' dir='ltr'>Restitutio</span> <span class='ocrx_word' id='word_1_253' title='bbox 602 4365 631 4425; x_wconf 90' lang='lat' dir='ltr'>v</span> <span class='ocrx_word' id='word_1_254' title='bbox 655 4343 882 4451; x_wconf 65' lang='lat' dir='ltr'>mansarum</span> <span class='ocrx_word' id='word_1_255' title='bbox 909 4342 951 4424; x_wconf 89' lang='lat' dir='ltr'>in</span> <span class='ocrx_word' id='word_1_256' title='bbox 971 4341 1209 4424; x_wconf 86' lang='lat' dir='ltr'>Tottanstoc</span> <span class='ocrx_word' id='word_1_257' title='bbox 1234 4341 1397 4424; x_wconf 81' lang='lat' dir='ltr'>ecclefiae</span> <span class='ocrx_word' id='word_1_258' title='bbox 1419 4343 1456 4420; x_wconf 89' lang='lat' dir='ltr'>S.</span> <span class='ocrx_word' id='word_1_259' title='bbox 1474 4339 1579 4423; x_wconf 85' lang='lat' dir='ltr'><strong>Petri</strong></span> <span class='ocrx_word' id='word_1_260' title='bbox 1607 4339 1649 4423; x_wconf 88' lang='lat' dir='ltr'>in</span> <span class='ocrx_word' id='word_1_261' title='bbox 1670 4345 1746 4425; x_wconf 81' lang='lat' dir='ltr'>Ba-</span> 
     </span>
     <span class='ocr_line' id='line_1_31' title="bbox 364 4462 1397 4575; baseline -0.008 -25"><span class='ocrx_word' id='word_1_262' title='bbox 364 4466 504 4550; x_wconf 84' lang='lat' dir='ltr'>thonia</span> <span class='ocrx_word' id='word_1_263' title='bbox 524 4493 593 4575; x_wconf 83' lang='lat' dir='ltr'>per</span> <span class='ocrx_word' id='word_1_264' title='bbox 613 4467 841 4574; x_wconf 81' lang='lat' dir='ltr'>Eadgarum</span> <span class='ocrx_word' id='word_1_265' title='bbox 864 4492 994 4573; x_wconf 84' lang='lat' dir='ltr'>regem</span> <span class='ocrx_word' id='word_1_266' title='bbox 1019 4471 1066 4544; x_wconf 90' lang='lat' dir='ltr'>A.</span> <span class='ocrx_word' id='word_1_267' title='bbox 1085 4466 1135 4546; x_wconf 92' lang='lat' dir='ltr'>D.</span> <span class='ocrx_word' id='word_1_268' title='bbox 1159 4466 1250 4572; x_wconf 89' lang='lat'><strong>961,</strong></span> <span class='ocrx_word' id='word_1_269' title='bbox 1272 4482 1313 4572; x_wconf 85' lang='lat' dir='ltr'>p.</span> <span class='ocrx_word' id='word_1_270' title='bbox 1333 4462 1397 4570; x_wconf 90' lang='grc'>78.</span> 
     </span>
    </p>

    <p class='ocr_par' dir='ltr' id='par_1_15' title="bbox 235 4582 1749 4939">
     <span class='ocr_line' id='line_1_32' title="bbox 235 4582 1749 4700; baseline -0.004 -26"><span class='ocrx_word' id='word_1_271' title='bbox 235 4693 236 4696; x_wconf 7' lang='grc'>9</span> <span class='ocrx_word' id='word_1_272' title='bbox 271 4619 336 4700; x_wconf 88' lang='grc'>29.</span> <span class='ocrx_word' id='word_1_273' title='bbox 366 4587 546 4673; x_wconf 89' lang='lat' dir='ltr'><strong>Donatio</strong></span> <span class='ocrx_word' id='word_1_274' title='bbox 574 4585 695 4669; x_wconf 86' lang='lat' dir='ltr'><strong>unius</strong></span> <span class='ocrx_word' id='word_1_275' title='bbox 718 4586 826 4668; x_wconf 80' lang='lat' dir='ltr'>caffae</span> <span class='ocrx_word' id='word_1_276' title='bbox 852 4607 908 4666; x_wconf 72' lang='lat' dir='ltr'>aec</span> <span class='ocrx_word' id='word_1_277' title='bbox 928 4584 1186 4695; x_wconf 80' lang='lat' dir='ltr'>Geofanstige</span> <span class='ocrx_word' id='word_1_278' title='bbox 1208 4583 1366 4667; x_wconf 86' lang='lat' dir='ltr'>cuidam</span> <span class='ocrx_word' id='word_1_279' title='bbox 1397 4583 1503 4668; x_wconf 81' lang='lat' dir='ltr'>fideli</span> <span class='ocrx_word' id='word_1_280' title='bbox 1532 4610 1576 4667; x_wconf 87' lang='lat' dir='ltr'>ac</span> <span class='ocrx_word' id='word_1_281' title='bbox 1604 4582 1749 4668; x_wconf 86' lang='lat' dir='ltr'>devoto</span> 
     </span>
     <span class='ocr_line' id='line_1_33' title="bbox 365 4696 1747 4817; baseline -0.002 -26"><span class='ocrx_word' id='word_1_282' title='bbox 365 4707 545 4807; x_wconf 83' lang='lat' dir='ltr'>ministro</span> <span class='ocrx_word' id='word_1_283' title='bbox 582 4706 748 4790; x_wconf 87' lang='lat' dir='ltr'>nomine</span> <span class='ocrx_word' id='word_1_284' title='bbox 784 4707 1052 4789; x_wconf 83' lang='lat' dir='ltr'><strong>AEthelwoldo</strong></span> <span class='ocrx_word' id='word_1_285' title='bbox 1090 4736 1161 4817; x_wconf 79' lang='lat' dir='ltr'>per</span> <span class='ocrx_word' id='word_1_286' title='bbox 1199 4702 1428 4816; x_wconf 75' lang='lat' dir='ltr'>Eadgarum</span> <span class='ocrx_word' id='word_1_287' title='bbox 1466 4733 1598 4816; x_wconf 81' lang='lat' dir='ltr'>regem</span> <span class='ocrx_word' id='word_1_288' title='bbox 1628 4696 1678 4788; x_wconf 86' lang='lat' dir='ltr'>A.</span> <span class='ocrx_word' id='word_1_289' title='bbox 1700 4710 1747 4788; x_wconf 94' lang='lat' dir='ltr'>C.</span> 
     </span>
     <span class='ocr_line' id='line_1_34' title="bbox 368 4826 1584 4939; baseline -0.004 0"><span class='ocrx_word' id='word_1_290' title='bbox 368 4834 608 4939; x_wconf 75' lang='lat' dir='ltr'><strong>961,p.79.</strong></span> <span class='ocrx_word' id='word_1_291' title='bbox 1566 4826 1584 4833; x_wconf 79' lang='grc'>”</span> 
     </span>
    </p>

    <p class='ocr_par' dir='ltr' id='par_1_16' title="bbox 269 4943 1747 5062">
     <span class='ocr_line' id='line_1_35' title="bbox 269 4943 1747 5062; baseline -0.003 -31"><span class='ocrx_word' id='word_1_292' title='bbox 269 4975 336 5062; x_wconf 76' lang='lat'>30.</span> <span class='ocrx_word' id='word_1_293' title='bbox 366 4952 729 5036; x_wconf 80' lang='lat' dir='ltr'><strong>Donatioduarum</strong></span> <span class='ocrx_word' id='word_1_294' title='bbox 746 4947 972 5034; x_wconf 82' lang='lat' dir='ltr'>mansarum</span> <span class='ocrx_word' id='word_1_295' title='bbox 992 4967 1111 5060; x_wconf 88' lang='lat' dir='ltr'>atque</span> <span class='ocrx_word' id='word_1_296' title='bbox 1125 4950 1299 5035; x_wconf 84' lang='lat' dir='ltr'>dimidiae</span> <span class='ocrx_word' id='word_1_297' title='bbox 1311 4948 1573 5033; x_wconf 78' lang='lat' dir='ltr'>aevstantune</span> <span class='ocrx_word' id='word_1_298' title='bbox 1588 4943 1747 5030; x_wconf 76' lang='lat' dir='ltr'>cuidam</span> 
     </span>
    </p>
   </div>
   <div class='ocr_carea' id='block_1_5' title="bbox 921 5062 1749 5184">
    <p class='ocr_par' dir='ltr' id='par_1_17' title="bbox 921 5062 1749 5184">
     <span class='ocr_line' id='line_1_36' title="bbox 921 5062 1749 5184; baseline -0.005 -37"><span class='ocrx_word' id='word_1_299' title='bbox 921 5077 998 5184; x_wconf 67' lang='lat' dir='ltr'>Q</span> <span class='ocrx_word' id='word_1_300' title='bbox 1644 5062 1749 5147; x_wconf 81' lang='lat' dir='ltr'>fideli</span> 
     </span>
    </p>
   </div>
   <div class='ocr_carea' id='block_1_6' title="bbox 0 0 2113 5908">
    <p class='ocr_par' dir='ltr' id='par_1_18' title="bbox 0 0 2113 5908">
     <span class='ocr_line' id='line_1_37' title="bbox 0 0 2113 5908; baseline 0 0"><span class='ocrx_word' id='word_1_301' title='bbox 0 0 2113 5908; x_wconf 95' lang='lat' dir='ltr'> </span> 
     </span>
    </p>
   </div>
  </div>
 </body>
</html>
