4214 5910
806 695 1054 800 CLXXV.
1518 784 1520 788 .
1635 735 1659 800 2
1667 721 1736 829 5'7'

247 924 284 1004 5.
313 892 513 978 Chronica
534 917 674 1001 regum
694 886 1001 975 Northumbriae
1021 909 1061 974 et
1079 888 1461 1004 archiepiscoporum
1477 882 1682 1000 Ebor.sol.
1697 917 1736 997 ς.
1877 882 1880 887 ’

304 1019 478 1102 Continet
500 1015 683 1124 historiam
701 1012 959 1120 ecclcfioslicam
986 1016 1085 1126 istius
1103 1017 1309 1127 provincia
1328 1046 1353 1096 a
1373 1015 1531 1097 Paulino
1548 1013 1601 1095 ad
1614 1008 1741 1116 Thur--

270 1236 272 1242 .
298 1139 447 1248 stonum
465 1138 692 1251 compendiose
709 1138 750 1217 in
768 1134 1139 1250 unofolioscriptam.

242 1263 283 1342 6.
313 1260 511 1368 Qaedam
529 1256 578 1341 de
594 1254 814 1370 conquestu
826 1254 1043 1366 Hyberniae
1062 1276 1100 1342 et
1119 1259 1206 1367 jure
1225 1258 1325 1369 regis
1339 1257 1496 1367 Angliae
1515 1257 1557 1341 in
1580 1265 1730 1369 Scotos,

297 1382 374 1491 fol.
392 1385 430 1465 ό.

241 1532 289 1616 7·.
312 1502 536 1615 Prophetiae
556 1501 711 1612 Sybinae
731 1520 771 1587 et
788 1502 967 1590 Merlini.

312 1627 551 1710 Procedentia
569 1617 645 1708 hac
656 1627 824 1711 chronico
838 1659 906 1712 non
921 1629 1094 1712 Gualtero
1110 1626 1336 1733 Coventrenst
1351 1626 1401 1736 (st
1416 1628 1486 1739 ipfle
1497 1624 1731 1737 demumsub·

301 1749 526 1862 sequentium
541 1767 648 1830 autor
649 1751 705 1858 stt
720 1750 896 1834 habendus
895 1752 919 1854 )
926 1751 1000 1862 Μ
1004 1752 1125 1860 potius
1137 1779 1303 1862 anonymo
1316 1749 1459 1830 cuidam
1472 1730 1735 1857 monachofani
1861 1796 1868 1807 ι

313 1874 354 1953 S.
367 1873 480 1953 Petri
505 1870 605 1981 apud
626 1870 859 1985 Eboracerffes
885 1871 1116 1984 adscribenda
1140 1872 1333 1970 videntur,
1356 1865 1415 1952 uti
1428 1871 1528 1982 streis
1552 1871 1663 1984 liquet
1688 1898 1734 1952 ex

313 1994 498 2075 donatione
514 1994 615 2102 cujus
618 1995 674 2103 stt
691 1997 819 2077 mentio
837 1996 878 2078 in
896 1996 1005 2077 initio
1018 1994 1177 2077 chronici
1186 1995 1519 2105 Angla-Saxonum,
1540 1993 1734 2105 chartaque

313 2135 348 2196 et
379 2114 533 2224 historiis
569 2144 649 2226 quae
680 2116 776 2198 illud
800 2118 996 2228 excipiunt.
1055 2119 1136 2198 Nec
1166 2146 1252 2198 vero
1279 2115 1432 2226 abflmile
1463 2104 1612 2198 videtur
1643 2115 1735 2226 lusce

248 2322 251 2326 .
312 2240 558 2348 quaterniones
570 2237 684 2320 codici
685 2238 801 2350 fiuffe
803 2240 920 2350 polleo
934 2232 1090 2352 irffertos,
1104 2268 1188 2321 nam
1199 2239 1262 2348 etst
1270 2243 1454 2319 curatlere
1465 2238 1615 2349 reliquis
1613 2238 1733 2348 ſsmili

312 2377 522 2456 exarentur,
543 2389 677 2468 magna
693 2378 812 2443 tamen
830 2362 994 2444 cernitur
1013 2361 1205 2443 literarum
1226 2360 1427 2442 initialium
1446 2361 1625 2456 varietas,
1654 2390 1734 2473 quae

212 2478 236 2558 “.
312 2483 354 2563 in
371 2482 445 2563 illis
448 2482 613 2591 simplici
624 2481 757 2590 forma
766 2484 847 2592 fine
864 2502 1066 2565 ornamento
1085 2482 1193 2565 rubro
1210 2502 1409 2564 atramento
1426 2481 1663 2579 delinerentur,
1692 2485 1733 2565 in

314 2604 448 2714 reliquo
464 2622 584 2684 autem
601 2603 715 2686 codice
731 2603 935 2714 multosunt
951 2607 1148 2689 ornatiores
1167 2624 1202 2686 et
1220 2605 1368 2713 diversis
1384 2605 1553 2687 coloribus
1563 2607 1691 2715 pitto.

247 2725 284 2805 8.
314 2726 499 2808 Annales'
513 2725 671 2833 Angliae
689 2752 760 2837 per
779 2727 1007 2809 Walterum
1027 2726 1346 2809 Coventrensem.

312 2843 456 2930 titulus
473 2848 534 2929 hic
552 2848 744 2930 neotericus
761 2880 805 2930 ex
820 2843 1051 2960 irffcriptione
1069 2850 1122 2932 ad
1133 2851 1244 2931 imum
1263 2851 1365 2958 hujus
1376 2852 1528 2958 pagina
1543 2848 1743 2961 desumptus

312 2971 475 3068 videtur,
495 3001 574 3082 qua
590 2973 648 3052 itu
654 2971 698 3082 se
714 2971 819 3054 habet
842 2973 1101 3055 “Memoriole
1104 2974 1254 3082 fratris
1271 2972 1430 3053 Walteri
1445 2972 1488 3053 de
1506 2974 1686 3055 Coventr”
1702 2993 1738 3056 et

312 3123 392 3203 qua
425 3105 579 3200 “manu
608 3093 752 3204 diversa
784 3103 819 3175 'et
846 3096 1041 3176 recentiori
1054 3095 1225 3205 scripta”
1255 3111 1297 3176 ut
1322 3095 1465 3204 placuit
1495 3095 1549 3177 Cl.
1573 3085 1737 3180 Tanuero

316 3216 486 3297 “innuit
505 3215 1287 3328 hocpotiusdouumfuiffeGualteriquom
1302 3218 1522 3327 striptum.”
1578 3221 1644 3300 De
1668 3219 1737 3301 hac

311 3338 547 3448 controverfia
557 3338 711 3420 oliorum
706 3339 763 3446 ſst
760 3337 960 3447 judicium,
973 3337 1159 3449 inscriptio
1169 3340 1246 3451 rpstc
1256 3341 1391 3451 reliquo
1401 3339 1515 3420 codici
1524 3338 1624 3422 haud
1628 3342 1737 3423 multo

313 3462 490 3543 recentior
512 3461 605 3541 mihi
629 3460 803 3558 videturn
837 3481 872 3542 et
899 3479 981 3572 opus
1007 3461 1070 3544 hoc
1094 3446 1252 3544 Walter'o
1279 3463 1361 3544 olim
1376 3459 1491 3574 fuiffl’
1517 3461 1743 3573 adscriptum,

304 3582 439 3692 probat
459 3583 589 3665 titulus
614 3583 767 3692 deformi
792 3612 901 3666 manu
927 3584 1056 3696 (stculo
1072 3614 1138 3682 xv,
1153 3585 1197 3695 st
1216 3582 1425 3694 cory‘edlurit
1452 3585 1511 3666 uti
1535 3584 1668 3689 liceat)
1695 3588 1737 3668 in

297 3705 397 3812 solio
414 3705 589 3817 rey'edlitio
608 3704 777 3812 adfinem
793 3707 924 3788 codicis
939 3725 1122 3790 exaratus.

311 3832 357 3909 In
376 3827 565 3909 annalibus
592 3828 644 3909 ad
652 3829 769 3936 finem
787 3829 878 3911 anni
902 3857 1007 3939 1154
1035 3840 1061 3874 “
1082 3830 1251 3939 Explicit
1272 3829 1440 3910 chronica
1456 3831 1673 3927 Mariani,’'
1700 3848 1735 3911 et

295 3951 473 4060 flmiliter
484 3951 651 4063 adfinem
672 3951 764 4032 anni
782 3979 880 4035 1201
906 3962 934 3999 “
951 3952 1153 4062 Explicunt
1177 3953 1343 4034 chronica
1358 3953 1495 4061 Rogeri
1509 3953 1733 4035 Hovedene.’'

310 4072 498 4180 Incipiunt
526 4074 815 4155 “Romanorum
841 4075 1076 4185 nonagesimus
1101 4062 1256 4156 tertius’'
1281 4092 1318 4155 et
1345 4076 1523 4158 continent
1552 4076 1735 4186 historiam

271 4228 276 4243 ·
310 4195 464 4304 Angliae
479 4194 527 4275 ab
543 4225 635 4276 anno
652 4195 706 4304 ξξςῖζ
726 4196 779 4278 a'd
790 4224 925 4279 annum
950 4224 1025 4280 122
1030 4225 1067 4306 5.
1293 4194 1297 4204 ’

662 4435 665 4442 ·
781 4392 1136 4513 CLXXVI.

238 4553 357 4638 Codex
372 4558 463 4668 typis
481 4554 659 4666 impreffies
677 4557 836 4667 infolio,
859 4560 900 4640 in
918 4589 982 4672 quo
1000 4558 1236 4652 continentur,

245 4707 295 4760 1...
309 4676 477 4760 AElfredi
494 4677 596 4786 regis
610 4707 669 4761 res
689 4678 820 4788 gestae,
840 4699 980 4764 autore
990 4677 1379 4765 AsskrioMenevenfi
1393 4720 1407 4778 3
1424 4683 1516 4793 typis
1531 4682 1732 4888 Saxoniieeg.

1549 4832 1586 4889 2.
1617 4808 1660 4888 H
1710 4854 1730 4871 -

240 5068 290 5149 8.]
308 5069 378 5138 Vrdc
392 5069 465 5135 CX.
483 5091 514 5155 7.
586 5116 592 5123 -
1144 5136 1147 5141 .

98 5276 100 5283 y
237 5165 446 5260 CLXXVI.J
465 5165 527 5237 Vet.
546 5167 620 5327 Cot.t
629 5166 724 5277 ΚΟ]
740 5169 836 5269 MSS.
854 5167 954 5343 dog}
958 5162 1169 5343 uppem-112}¹
