4214 5910
313 682 408 751 210
951 639 1251 749 CXXXVII.

357 845 395 923 ό.
425 835 619 952 Qinque
641 835 934 936 consideranda,
963 863 1055 949 quae
1082 830 1180 922 dant
1207 830 1365 924 homini
1396 830 1620 926 marlotum
1647 840 1843 946 dolorem,

412 962 487 1071 sol.
509 990 596 1069 119.

355 1111 395 1194 7.
425 1087 487 1164 De
503 1079 704 1163 lachrimis
723 1108 813 1190 quae
834 1100 1010 1190 quatuor
1029 1082 1157 1164 modis
1176 1070 1327 1165 utiliter
1344 1076 1622 1183 effunduntur,
1638 1083 1714 1197 fol.
1733 1114 1821 1168 120.

357 1207 394 1287 8.
424 1203 627 1313 Expofitio
642 1202 685 1283 in
699 1203 931 1284 versiculum
949 1210 1057 1285 Deus
1074 1203 1116 1285 in
1135 1202 1394 1310 adjutorium,
1416 1219 1456 1286 et
1470 1208 1580 1314 quod
1593 1208 1841 1294 invocandus

423 1325 469 1406 sit
489 1325 531 1405 in
550 1323 739 1405 omnibus
756 1326 957 1433 operibus,
987 1326 1076 1406 ibid.

351 1478 392 1556 9.
423 1448 636 1555 Speculum
657 1446 883 1555 peccatoris,
899 1448 974 1554 sil.
994 1475 1082 1528 121.

192 1582 195 1586 ’
358 1597 419 1650 10.
449 1573 574 1675 Hugo
592 1568 640 1648 de
658 1565 804 1648 Suniio
823 1571 859 1646 V
862 1567 984 1648 iilore
1003 1569 1052 1647 de
1070 1565 1273 1678 disciplina
1292 1569 1543 1670 clericorum,
1557 1572 1633 1682 sol.
1651 1597 1744 1658 122.

358 1717 420 1770 11.
450 1691 559 1798 Idem
579 1690 626 1771 de
645 1686 894 1783 conscientia,
910 1689 985 1796 sol.
1004 1718 1092 1797 130.

356 1839 418 1892 12.
449 1808 615 1891 Omeliae
636 1815 681 1891 B.
694 1796 852 1891 Eusebii
870 1800 1040 1919 episcopi
1059 1804 1108 1890 ad
1126 1807 1359 1909 monachos,
1376 1815 1451 1921 sol.
1472 1814 1561 1923 138.
1580 1905 1584 1909 ,

356 1960 418 2042 ι3.
447 1930 635 2013 Homelia
655 1930 837 2039 Origenis
862 1925 910 2011 de
933 1931 1219 2014 lamentatione
1236 1934 1485 2042 Magdelenae
1510 1937 1559 2018 ad
1583 1933 1838 2047 sepulchrum

448 2052 630 2149 Domini,
646 2055 720 2162 fol.
740 2084 827 2159 140.

449 2184 475 2221 “
495 2179 560 2258 De
577 2176 723 2285 claustro
742 2177 885 2285 eccleſsae
902 2175 1037 2285 Christi
1054 2176 1187 2257 ίῖιυιίῧ1

855 2391 1281 2508 CXXXVIII.

348 2555 462 2637 Codex
479 2553 759 2648 membranaceis
777 2557 817 2636 in
823 2555 934 2662 folin,
942 2557 1060 2664 seculo
1079 2556 1313 2665 xvscrr'ptus,
1335 2556 1376 2636 in
1393 2582 1458 2666 qno
1476 2556 1714 2655 continentur,

353 2704 386 2757 1.
415 2670 630 2758 Alexandri
648 2674 874 2758 Ellebiensrs
896 2674 1069 2787 epitome
1085 2672 1257 2758 historiae
1276 2663 1494 2762 B'ntanniae
1508 2661 1542 2758 ¹a
1558 2676 1719 2760 Christo
1735 2698 1838 2764 nato

416 2800 466 2878 ad
486 2825 640 2879 annum
666 2824 783 2905 1255›
805 2817 932 2908 p.21.

414 2921 440 2972 *
458 2919 526 3000 Ad
539 2922 689 3000 initium
706 2921 809 3026 hujm
827 2919 983 3025 htstoriae
997 2919 1131 3027 defient,
1144 2920 1219 3027 fol.
1240 2947 1301 3000 10.

348 3068 384 3123 2.
413 3040 695 3150 Excerptiones
724 3042 772 3121 de
801 3037 997 3121 chronicis
1028 3036 1176 3148 Rogeri
1202 3040 1396 3122 Hoveden
1425 3040 1479 3120 ab
1505 3067 1615 3122 anno
1646 3045 1750 3125 1066
1779 3044 1837 3128 ad

393 3182 567 3242 annum
592 3190 710 3258 1201,
730 3180 772 3270 p.
793 3190 881 3270 147·

346 3310 383 3395 3.
412 3282 598 3393 Epistulae
625 3282 734 3386 inter,
749 3279 972 3366 Parisrenses
996 3278 1177 3363 rinitores
1203 3280 1252 3362 ad
1272 3281 1510 3363 mandatum
1530 3280 1703 3394 Philippi
1728 3284 1839 3393 regis

412 3400 673 3501 Francorum,
703 3421 743 3486 et
773 3408 966 3486 Ioannem
990 3407 1122 3499 XXII,
1152 3419 1193 3483 et
1221 3403 1484 3484 Benedillum
1504 3408 1596 3489 XII.
1627 3432 1750 3518 papas
1779 3409 1838 3492 dc

411 3526 516 3608 statu
532 3524 760 3610 animarum
776 3527 864 3636 post
883 3541 1055 3607 mortem
1071 3530 1121 3605 A.
1136 3528 1189 3605 D.
1210 3553 1327 3632 1333,
1350 3543 1394 3634 p.
1415 3550 1506 3634 157.

342 3674 382 3750 4.
411 3651 532 3729 Carta
549 3645 708 3728 Ricardi
724 3652 758 3729 l.
776 3649 824 3760 ele
842 3644 1138 3728 renuntiatione
1156 3643 1334 3752 homagii
1354 3645 1452 3752 regis
1476 3644 1628 3742 Scotiae,
1650 3665 1696 3755 p.
1713 3653 1811 3734 160.

345 3795 387 3876 5.
411 3771 549 3848 Breves
571 3786 678 3849 notre
692 3763 985 3877 chronologicae
1000 3783 1040 3848 et
1069 3764 1263 3850 historicae
1281 3767 1332 3846 ab
1350 3795 1463 3850 anno
1484 3792 1585 3880 1329
1605 3769 1654 3848 ad
1670 3795 1836 3858 annum

403 3917 477 3997 134
507 3952 518 3984 ,
573 3950 582 3970 .
602 3893 692 3972 161.
856 3926 859 3931 ·

342 4011 381 4096 θ.
409 3909 584 4094 serinia
611 4007 908 4117 genealogicum
933 4014 970 4092 S.
983 4005 1177 4090 Ludovici
1207 4006 1307 4114 regis
1333 4009 1513 4090 Franciae
1538 4011 1587 4091 ad
1613 4009 1835 4099 ostenden-s

219 4134 224 4140 ’
349 4138 351 4143 ’
408 4134 507 4219 dum
525 4132 588 4241 jus
606 4132 791 4217 Edwardi
807 4135 882 4215 Ill.
898 4131 941 4216 in
960 4157 1132 4241 regnum
1148 4129 1340 4227 Franciae,
1362 4150 1406 4242 p.
1426 4135 1517 4215 162.

1672 4280 1713 4361 2.
1741 4258 1837 4341 Ex-

337 4578 389 4666 9.]
406 4578 473 4648 the
485 4573 690 4642 CLXXVII.
706 4595 763 4660 52.

340 4681 409 4764 to]
425 4682 495 4750 Vide
507 4677 676 4746 CCCLVI
693 4699 726 4749 2.

337 4781 746 4865 cxxxv111.]÷Ver.Cae.
762 4778 802 4845 E.
822 4802 871 4847 ιι.
889 4779 984 4847 MSS.
1001 4779 1086 4861 Angl.
1107 4795 1285 4866 1329·53·

337 4891 359 4934 ³
373 4891 409 4955 ln
419 4903 486 4973 pag.
501 4908 541 4971 29
555 4887 637 4971 hujus
657 4885 793 4972 bistoriae,
812 4896 895 4950 meo?
907 4886 975 4952 dreis
988 4876 1243 4968 quemgenuit.
1252 4879 1328 4966 serit
1346 4893 1381 4945 ut
1401 4881 1587 4951 occimiano
1603 4897 1689 4951 1200,
1699 4888 1836 4954 monachi·

280 5001 313 5064 r'n
330 4996 444 5079 Bangor
465 4992 581 5061 Walliae
601 5010 630 5058 eo
651 4991 727 5075 quod·
741 5013 794 5056 non
813 4991 954 5059 obedirent
963 4991 1023 5079 fibi
1045 4991 1077 5059 in
1096 4989 1217 5058 concilio.
1256 4986 1373 5056 inaltus
1392 4988 1484 5075 estin
1511 4985 1678 5072 umidis
1695 4984 1835 5060 maini:

277 5102 443 5190 prophetiis.
