4214 5910
279 640 368 731 122
984 601 1119 701 cxr.

422 788 530 873 fideli
557 785 763 902 decurioni
791 781 958 872 nomine
983 781 1152 899 AElffigo
1181 811 1252 899 per
1278 784 1512 899 Ead‘gatum
1539 812 1673 905 regem
1699 791 1757 873 A.
1768 790 1826 875 C.

410 913 505 1020 9⁶32
526 911 652 1025 128¹?

328 1062 393 1145 3¹·
422 1034 601 1117 Donatio
621 1033 680 1116 bis
700 1049 988 1144 quaternarum
1010 1045 1153 1145 prater
1167 1027 1358 1121 semiffem
1377 1029 1750 1119 manfiuncularum
1770 1030 1819 1117 in

422 1160 595 1244 stantun
622 1153 955 1265 AEscwigabbati
984 1148 1035 1237 ad
1062 1149 1262 1241 ecclesiam
1290 1154 1328 1235 S.
1343 1149 1451 1241 Petri
1481 1148 1526 1243 in
1552 1153 1651 1236 urbe
1674 1148 1817 1239 Ac'hu·

423 1276 599 1363 manenfi
617 1305 687 1389 per
707 1277 937 1384 Eadgarum
957 1300 1091 1383 regem
1109 1275 1161 1354 A.
1177 1276 1225 1359 C.
1247 1273 1341 1382 965.
1368 1292 1409 1385 p.
1428 1270 1494 1383 83.

328 1427 393 1510 3²·
421 1398 603 1483 Donatio
628 1401 763 1483 decem
795 1397 1165 1487 manfiuncularum
1193 1394 1238 1481 in
1257 1394 1488 1483 Corsantun
1506 1398 1595 1481 Deo
1617 1411 1656 1478 et
1682 1390 1818 1481 's.1>e-

422 1542 485 1603 tro
514 1519 746 1605 incivitate
772 1516 1030 1630 Aquamania
1058 1545 1129 1629 per
1156 1518 1387 1629 Eadgarum
1417 1543 1550 1631 regem
1577 1522 1629 1599 A.
1645 1518 1694 1604 C.
1717 1546 1819 1629 972,

323 1792 390 1872 33.
411 1661 659 1849 isenditiox
682 1760 917 1847 cassatorum
939 1781 996 1840 τε
1013 1758 1197 1842 Cliftune
1225 1759 1393 1845 ecclesiae
1415 1763 1452 1841 S.
1470 1751 1582 1842 Petri
1596 1784 1652 1843 aa
1668 1759 1817 1847 hatum

254 1952 257 1957 .
420 1883 596 1966 Bathum
626 1910 696 1994 per
719 1878 949 1993 Eadgarum
976 1906 1124 1988 regem,
1145 1878 1342 1990 AEcswigo
1372 1881 1514 1963 abbate
1535 1899 1573 1962 et
1603 1881 1818 1965 monachis
1918 1985 1920 1989 ,

309 2040 312 2045 ·
417 2003 501 2112 regi
526 2003 718 2093 dantibus
741 2001 877 2089 cauri
903 1997 1108 2085 mancusas
1130 2027 1175 2085 ac
1196 2023 1223 2082 x
1247 2019 1356 2083 terra
1376 1999 1531 2085 mansas
1560 1997 1603 2083 in
1622 2000 1814 2087 Cumtun

417 2120 805 2231 Astome.

322 2269 388 2350 34.
417 2151 744 2327 Donatio7trium
774 2239 1004 2327 mansarum
1033 2259 1154 2352 atque
1178 2237 1354 2325 dimidiae
1373 2263 1429 2322 ετ
1447 2237 1726 2324 Welfwestoce
1745 2270 1812 2325 ec·

417 2356 538 2445 clefiae
558 2367 595 2443 S.
611 2361 719 2451 Petri
739 2361 781 2443 in
802 2361 999 2444 Bathonia
1019 2391 1089 2475 per
1109 2363 1385 2444 AEthelredum
1405 2389 1554 2473 regem,
1578 2374 1621 2466 p.
1637 2360 1703 2471 87.

319 2478 340 2592 3
349 2510 385 2593 5.
414 2483 719 2566 Testamentum
742 2481 946 2578 Wulfarii,
968 2482 1172 2577 saxonice,
1196 2499 1238 2590 p.
1258 2482 1322 2563 88.

321 2609 387 2714 36.
416 2604 596 2689 Donatio
612 2623 807 2688 terrarum
825 2603 868 2686 in
888 2605 1021 2702 AEspica
1038 2603 1260 2687 Wlfwoldo
1277 2601 1412 2688 abbati
1428 2632 1497 2718 per
1515 2605 1810 2695 Eadweardum

413 2752 545 2834 regem
566 2731 617 2807 A.
633 2731 680 2807 C.
707 2726 825 2820 1061,
847 2743 890 2834 p.
907 2755 972 2832 90.

320 2874 386 2958 37.
415 2846 594 2929 Donatio
616 2850 831 2930 earundem
855 2865 1055 2930 terrarum
1076 2846 1317 2930 monasterio
1335 2845 1582 2931 Bathonensr
1605 2875 1677 2961 per
1707 2877 1812 2935 eun-

411 2968 503 3049 dem
526 2967 807 3063 Wlfwoldum,
828 2967 1033 3064 saxonice,
1056 2985 1097 3077 p.
1117 2995 1184 3076 92.

162 3140 165 3148 .
319 3085 384 3196 38.
413 3089 476 3171 De
495 3085 608 3172 terris
628 3087 766 3170 Bathae
786 3085 1095 3197 pertinentibus,
1118 3107 1160 3198 p.
1181 3117 1247 3198 93.

316 3238 381 3320 39.
411 3209 591 3292 Donatio
609 3226 807 3292 terrarum
826 3209 870 3290 in
892 3211 1169 3293 Cheolcumba
1190 3208 1430 3294 monasterio
1450 3215 1491 3294 S.
1504 3205 1612 3291 Petri
1631 3210 1808 3297 Bathon.

408 3357 478 3441 per
498 3329 751 3412 Willelmum
772 3358 919 3439 regem,
942 3330 1145 3425 saxonice,
1169 3351 1212 3442 p.
1230 3360 1298 3439 94.

313 3481 383 3569 4o.
411 3450 678 3535 Confirmatio
697 3450 872 3560 ejusdem
892 3452 1121 3537 donationis
1141 3483 1211 3564 per
1230 3455 1403 3535 eundem
1423 3481 1571 3564 regem,
1598 3452 1810 3551 Saxonice,

409 3570 498 3655 ibid.

314 3720 383 3797 41.
414 3677 721 3804 Cyrographum
739 3692 845 3776 inter
861 3710 1107 3777 conventum
1123 3695 1260 3778 Batbae
1280 3711 1319 3777 et
1335 3694 1591 3778 Willelmum
1610 3692 1737 3777 Hoset
1756 3695 1813 3777 de

410 3815 711 3911 Ceorlecumba,
734 3833 775 3925 p.
794 3843 860 3922 95.

408 3939 455 4018 In
474 3934 614 4017 chartis
626 3935 896 4044 precedentibus
909 3935 1095 4043 diviſsones
1108 3953 1301 4018 terrarum
1312 3942 1366 4034 (pa
1381 3935 1459 4015 lano
1475 3939 1651 4041 gemaena)
1658 3934 1811 4046 semper

409 4074 634 4137 annotantur
652 4055 841 4138 Saxonice.

310 4196 376 4278 42.
407 4177 588 4259 Donatio
607 4175 773 4259 ecclesiae
802 4180 840 4259 S.
857 4174 1022 4286 Georgii
1042 4177 1090 4259 de
1109 4177 1359 4262 Dunestorra
1377 4196 1416 4261 et
1441 4176 1605 4259 decimae
1626 4176 1806 4282 ejusdem

407 4298 523 4394 villae,
553 4317 591 4380 et
612 4295 738 4380 totius
758 4295 862 4380 villae
884 4296 1056 4380 Alcuine
1076 4326 1170 4380 cum
1201 4298 1468 4408 pertinentiis,
1498 4298 1641 4380 scilicet
1667 4328 1681 4380 1
1707 4295 1806 4382 hida

408 4438 529 4514 terrae,
560 4437 600 4500 et
627 4417 803 4501 dimidiae
831 4418 954 4528 partis
976 4417 1139 4502 decimae
1167 4422 1215 4501 de
1234 4420 1489 4516 Maneheafe,
1520 4441 1559 4501 et
1579 4421 1704 4503 totius
1732 4423 1802 4503 de·

406 4536 521 4619 cimae
539 4540 587 4619 de
607 4540 833 4635 Bradunde,
862 4556 901 4619 et
921 4538 1053 4621 omnis
1073 4537 1236 4621 decimae
1260 4542 1309 4621 de
1328 4543 1561 4623 Carentuna
1580 4539 1650 4623 fibi
1675 4539 1801 4652 perti-

400 4656 549 4754 nentis,
577 4676 617 4739 et
636 4658 763 4740 totius
792 4659 956 4740 decimae
984 4660 1033 4740 de
1054 4658 1285 4758 Niwetuna,
1315 4678 1355 4742 et
1373 4659 1552 4742 dimidiae
1567 4661 1731 4743 decimae
1751 4663 1807 4743 de

258 4839 262 4847 .
404 4774 620 4874 Brunfield,
642 4794 681 4859 et
701 4776 825 4859 totius
844 4778 1007 4861 decimae
1029 4779 1078 4861 de
1097 4780 1356 4878 Stokelande,
1371 4799 1411 4862 et
1430 4778 1556 4862 totius
1577 4783 1625 4862 de
1646 4780 1801 4864 Kilves-

402 4913 513 4992 tune,
548 4915 586 4980 et
619 4899 795 4983 duorum
826 4899 1147 5010 piscatoriorum,
1180 4920 1219 4985 et
1251 4898 1377 4985 totius
1408 4900 1571 4985 decimae
1601 4927 1799 5010 equarum

1635 5021 1802 5104 [uarum
