4214 5910
280 591 371 686 228
981 593 1155 690 CLVI.

359 762 425 863 21.
455 773 672 889 Responsio
700 778 870 891 episcopi
889 778 1076 877 Lineoln,
1107 781 1150 864 in
1178 807 1260 893 qua
1281 782 1427 893 probat
1442 783 1566 867 talem
1584 782 1853 898 provisionem

457 897 529 982 elle
548 918 687 983 contra
705 906 955 986 voluntatem
975 918 1015 984 et
1033 906 1190 987 cultum
1209 903 1300 1001 Dei,
1322 905 1489 1015 ideoque
1506 924 1627 1018 negat
1638 907 1674 990 se
1692 908 1853 993 conces·

459 1021 609 1105 surum.

364 1171 429 1229 22.
459 1142 688 1256 Disputatio
708 1144 813 1229 inter
831 1147 1018 1230 clericum
1040 1165 1080 1229 et
1099 1145 1268 1230 militem
1288 1145 1402 1259 super
1425 1149 1617 1261 potestate
1643 1147 1851 1234 commissa

459 1264 617 1376 prelatis
637 1266 895 1351 ecclesiasticis
916 1288 1037 1380 atque
1055 1267 1303 1379 principibus
1321 1285 1532 1356 terraium.

364 1416 428 1502 23.
459 1393 498 1470 T
501 1388 676 1471 radatus
688 1389 813 1471 totius
830 1389 962 1472 bibliae
975 1389 1248 1501 expositorius,
1263 1392 1537 1504 compendiose
1550 1392 1679 1476 editus
1695 1421 1720 1475 a
1735 1397 1853 1502 Mag.

460 1516 579 1593 Petro
597 1510 646 1592 de
661 1512 844 1593 Aureolis
862 1512 983 1595 fratre
1001 1513 1157 1596 minore
1177 1531 1216 1595 et
1236 1513 1397 1598 doetore
1413 1515 1526 1600 sacrae
1548 1512 1759 1626 theologiae
1774 1520 1853 1601 Pa·

459 1631 619 1716 risiensi.

361 1783 425 1864 24.
454 1755 629 1839 Lexicon
647 1754 854 1858 Latinum,
873 1760 1130 1872 imperfeolum.

962 1955 1212 2074 CLVII.
1313 1998 1316 2005 ¹

361 2117 476 2202 Codex
492 2119 772 2204 membranaceos
790 2123 831 2202 in
848 2140 989 2233 quarto,
995 2122 1113 2232 seculo
1132 2149 1185 2203 xv
1191 2121 1368 2234 scriptus,
1388 2122 1428 2203 in
1446 2150 1512 2231 quo
1528 2123 1767 2219 continentur,

372 2271 405 2322 1.
434 2238 611 2353 Libellus
626 2241 742 2352 super
760 2270 874 2354 papae
895 2270 939 2325 ac
951 2240 1108 2355 imperii
1122 2245 1325 2353 potestate,
1346 2244 1561 2353 aquodam
1576 2243 1854 2326 Valentiffimo

430 2362 529 2470 juris
548 2363 753 2472 utriusque
771 2364 947 2462 dodlore,
977 2356 1307 2475 qui'humilitatis
1326 2363 1442 2448 causa
1457 2394 1609 2448 nomen
1626 2367 1745 2450 suuni
1763 2392 1854 2449 non

432 2483 609 2595 expressit
628 2484 827 2571 scolastico
846 2514 969 2585 more,
988 2493 1039 2568 A.
1062 2490 1116 2568 D.
1142 2515 1258 2594 1442.

363 2633 400 2691 2.
430 2604 645 2718 Responsio
660 2607 768 2691 sadla
784 2637 853 2721 pei·
866 2607 1223 2691 reverendissimum
1242 2624 1396 2718 patrem
1418 2625 1458 2691 et
1474 2608 1702 2708 dominum,
1719 2607 1855 2692 domi-

322 2780 327 2791 ·
431 2756 531 2811 num
551 2730 773 2814 Iohannem
787 2731 837 2812 de
847 2735 1185 2827 Turre-cremata,
1205 2729 1315 2813 tituli
1333 2736 1371 2813 S.
1385 2730 1484 2813 sixti
1494 2730 1751 2841 presbiterum
1764 2758 1858 2815 car-

431 2851 604 2933 dinalem
626 2853 673 2932 ad
692 2850 884 2962 quosdam
903 2881 1051 2938 errores
1073 2851 1354 2951 Basilienstum,
1373 2859 1425 2935 A.
1445 2856 1500 2934 D.
1526 2882 1643 2962 1439.

365 3004 401 3085 3.
431 2973 647 3056 Tradlatus
669 2973 860 3058 Iohannis
879 2981 912 3058 F
913 2974 1076 3058 rancisci
1092 2973 1135 3057 in
1150 2975 1301 3087 oppido
1315 2973 1625 3084 Norinbergensi
1646 2972 1854 3059 absolutus

430 3096 529 3178 dum
547 3095 754 3205 legationis
772 3096 904 3179 officio
923 3094 1171 3206 fungeretur,
1190 3097 1306 3208 super
1319 3095 1476 3179 diversis
1492 3094 1765 3207 questionibus
1784 3095 1854 3179 seu

432 3215 761 3325 ambiguitatibus
791 3217 895 3304 inter
928 3217 1210 3302 sandlissimum
1241 3217 1455 3319 dominum
1486 3219 1668 3302 nostrum
1702 3245 1856 3329 papam

434 3339 663 3447 Eugenium
677 3343 748 3423 IV.
760 3359 800 3423 et
818 3330 1035 3425 concilium
1054 3341 1257 3425 Bafiliense
1277 3348 1328 3427 A.
1343 3336 1397 3424 I).
1417 3370 1540 3450 1439:
1570 3368 1654 3423 uiia
1671 3366 1766 3422 cum
1786 3366 1854 3423 re-

432 3462 636 3572 sponsione
665 3461 932 3548 Basiliensium
959 3481 1099 3548 contra
1125 3467 1327 3548 decretum
1345 3462 1503 3574 Moyses
1532 3461 1758 3545 sanffiffimi
1774 3460 1854 3544 do-

434 3583 535 3666 mini
555 3584 726 3692 Eugenii
745 3585 925 3696 predicti.

364 3738 404 3812 4.
433 3705 647 3815 Responsio
668 3713 718 3788 R.
731 3712 776 3789 P.
790 3713 829 3790 oe
845 3713 899 3805 D,
924 3707 1078 3790 domini
1097 3706 1304 3792 cardinalis
1327 3712 1365 3790 S.
1383 3704 1496 3806 sixti,
1516 3705 1610 3790 alias
1627 3707 1675 3789 de
1694 3710 1851 3789 Turre-

284 3816 290 3827 ’
434 3847 606 3910 cremata
625 3828 839 3937 vulgariter
857 3829 1095 3940 nuncupati,
1123 3828 1321 3915 investiva
1339 3829 1389 3912 ad
1406 3832 1608 3914 decretum
1633 3826 1853 3938 justissimae

434 3950 730 4061 dampnationis
753 3950 1033 4035 Basiliensium.

368 4103 406 4184 5.
436 4075 544 4156 Idem
562 4075 610 4154 de
627 4074 818 4185 potestate
838 4102 951 4186 papae
972 4094 1012 4157 et
1026 4072 1185 4159 concilii
1200 4072 1406 4186 generalis.

814 4310 817 4317 ·
938 4280 1219 4399 CLVIII.

365 4444 477 4528 Codex
493 4445 773 4527 membranaceos
785 4445 826 4526 in
835 4465 975 4555 quarto,
993 4445 1193 4552 nitidtfflmo
1217 4446 1422 4527 charaoere
1430 4446 1606 4555 scriptus,
1628 4440 1747 4524 literis
1771 4441 1856 4525 ini-

310 4569 458 4651 tialibus
481 4569 635 4679 cujusvis
651 4568 743 4650 libri
771 4597 860 4650 auro
883 4588 919 4651 et
935 4568 1080 4676 diversis
1098 4567 1265 4650 coloribus
1274 4565 1542 4679 splendidiffione
1558 4565 1784 4662 illuminatis,
1812 4582 1853 4646 et
1959 4616 1963 4665 3

308 4689 512 4772 initialibus
514 4691 736 4800 fingolorum
752 4690 911 4800 capitum
926 4691 1123 4788 deauratis,
1143 4689 1313 4802 quondam
1312 4690 1355 4799 ſs
1352 4688 1446 4800 fides
1458 4688 1620 4803 Jocelino
1633 4685 1852 4920 affligit:

367 5101 524 5184 civit]
538 5101 602 5169 oo.
621 5103 686 5167 cae.
703 5102 747 5170 ii.
767 5064 1243 5190 11.MSS.AngI.·1613··346.

368 5185 542 5272 ch111.]
556 5187 620 5258 Vei.
637 5191 705 5257 Cot.
721 5188 767 5259 Ο.
786 5189 837 5257 28.
851 5189 948 5258 MSS.
964 5189 1050 5274 Angl.
1070 5189 1260 5276 ¹49⁸··23¹·
