4214 5910
993 599 1144 699 CXC·

422 786 448 827 “
467 774 652 863 LXXVI.
674 780 738 862 De
754 777 888 863 natale
906 780 1090 865 Domini.

421 909 449 951 “
469 899 674 981 LXXVII.
695 901 758 980 De
777 897 1069 1008 purificatione:

421 1027 449 1066 “
467 1019 693 1101 LXXVIII.
713 1020 776 1099 De
795 1017 1090 1128 septuagesima.

422 1147 450 1185 “
468 1137 653 1218 LXXIX.
674 1140 737 1219 De
755 1136 886 1248 capite
903 1136 1058 1245 jejunii

416 1268 446 1309 “
467 1257 628 1341 LXXX.
650 1261 713 1341 De
731 1256 794 1340 die
813 1260 1056 1368 palmarum.

420 1389 448 1428 ‘¹
468 1378 653 1460 LXXXI.
673 1381 736 1460 De
753 1404 851 1461 cena
870 1378 1055 1462 Domini.

422 1509 449 1548 “
468 1497 673 1580 LXXXII.
695 1499 758 1579 De
777 1496 994 1605 parasceve.
1229 1596 1234 1605 ι

423 1628 451 1666 “
471 1616 695 1699 LXXXIII.
715 1618 779 1698 De
797 1615 961 1701 sabbato
980 1616 1133 1702 sanIIo.¹

421 1747 450 1786 “
468 1736 693 1819 LXXXIV.
715 1737 778 1816 De
795 1733 860 1816 die
877 1734 1015 1819 fausto
1032 1735 1203 1848 paschae.

421 1863 449 1901 “
469 1854 672 1936 LXXXV.
693 1857 756 1936 De
775 1853 1011 1967 pentecoste.

413 1984 449 2023 ·“
465 1973 691 2059 LXXXVI.
710 1977 772 2057 De
789 1972 944 2082 jejunio
962 1989 1137 2083 quatuor
1155 1990 1352 2086 tempora.

422 2107 452 2148 “
469 2095 714 2177 LXXXVII.
734 2096 797 2175 De
816 2090 1039 2205 penitentia
1056 2094 1281 2178 communi.

422 2224 450 2263 “
467 2212 734 2298 LXXXVIII.
754 2215 817 2295 De
835 2212 1267 2297 excommunicatione.

421 2343 449 2383 “
470 2328 1056 2416 Lxxxlx.·oeecc1es1asticis
1081 2330 1235 2416 officiis.

424 2464 453 2502 “
472 2449 560 2533 XC.
579 2453 643 2534 De
662 2449 909 2536 extinftione
928 2450 1149 2537 luminum.

420 2582 449 2621 “
467 2570 575 2652 XCI.
594 2572 658 2652 De
675 2587 852 2680 quatuor
870 2586 1052 2680 tempora
1069 2569 1242 2681 qualiter
1259 2584 1445 2682 agantur.

422 2705 449 2744 “
469 2693 600 2774 XCII.
619 2694 683 2774 De
701 2688 928 2775 incestuosis
947 2707 988 2774 et
1006 2690 1233 2778 homicidis.

416 2823 445 2862 “
464 2811 612 2895 XCIII.
632 2814 695 2894 De
705 2809 1062 2894 excommunicatis
1069 2809 1276 2924 .quiinviti
1286 2813 1336 2896 ad
1343 2806 1613 2926 penitentiam
1626 2825 1813 2921 agantur.

330 3012 334 3019 .
419 2944 450 2984 “
467 2935 613 3016 XCIV.

421 3065 449 3104 “
468 3053 594 3136 XCV.
613 3056 677 3136 De
695 3049 912 3165 improviso
930 3050 1081 3159 judicio
1099 3048 1277 3136 seculari.

299 3250 302 3255 .
421 3183 449 3222 “
468 3174 614 3255 XCVI.
634 3175 697 3255 De
716 3170 1067 3257 excommunicato
1085 3169 1540 3284 pro-capitaII-crimine.

421 3304 449 3342 “
467 3293 635 3376 XCVII.
654 3296 718 3376 De
736 3290 977 3375 confeffione
995 3290 1371 3402 etpenitentiarum
1386 3291 1566 3375 afitione.

420 3425 447 3463 “
468 3416 653 3497 XCVIII.
673 3416 736 3496 De
750 3430 894 3524 quarta
906 3412 1007 3497 feria
1021 3413 1194 3525 qualiter
1211 3410 1255 3496 in
1272 3413 1402 3525 capite
1420 3409 1562 3521 jejunii
1578 3408 1683 3495 circa
1699 3410 1818 3522 peni-

677 3544 854 3616 “tentes
876 3561 898 3616 a
927 3552 1032 3617 atur.

424 3662 453 3702 ‘⁸
473 3652 619 3736 XCIX.
639 3655 702 3736 De
717 3562 988 3763 penitentibus
1005 3652 1177 3764 qualiter
1193 3651 1239 3738 in
1251 3680 1356 3738 cena
1366 3648 1538 3763 Domini
1558 3648 1602 3734 in
1614 3648 1816 3735 ecclesiam

637 3781 666 3819 “
686 3771 1039 3855 introducuntur.'’

331 3924 393 4005 14·
423 3905 450 3944 ‘⁸
470 3891 766 3976 INCIPIUNT
795 3894 915 3975 CAP.
947 3895 1024 3975 DE
1053 3896 1222 3978 LIBRO
1253 3889 1721 3976 SCINTILLARUM.”

419 4013 556 4122 Omiffls
582 4012 745 4095 rubricis
772 4012 896 4095 horum
921 4015 1163 4125 capitulorum
1190 4042 1336 4098 numero
1363 4033 1518 4108 Lxx11,
1546 4009 1738 4093 veniamus
1766 4009 1820 4092 ad

419 4154 554 4220 catera
573 4133 680 4241 hujus
696 4133 828 4215 codicis
845 4152 1023 4232 contenta,
1044 4164 1195 4246 quorum
1212 4135 1316 4218 nulla
1318 4134 1376 4238 fit
1394 4132 1526 4215 mentio
1544 4130 1585 4212 in
1604 4129 1739 4212 indice.

329 4283 345 4340 ι
355 4283 392 4369 5.
418 4254 597 4368 Epistola
622 4253 793 4337 Adsonis
828 4254 1018 4339 monachi
1051 4257 1103 4338 ad
1132 4254 1380 4365 Gerbergam
1412 4250 1594 4364 reginam
1626 4251 1676 4334 de
1708 4247 1815 4338 anti·

420 4375 580 4462 chiisto.

709 4495 736 4548 ¹*
794 4496 821 4549 ⁴
875 4526 987 4580 manu
1005 4497 1203 4580 recentiori
1256 4495 1283 4548 ⁴
1339 4497 1368 4549 *

330 4619 393 4705 16.
421 4615 611 4733 capitula
628 4613 787 4700 concilii
806 4615 992 4700 celebrati
1013 4619 1122 4732 apud
1141 4614 1412 4700 Wintoniam.

1644 4759 1706 4848 17.
1734 4737 1816 4820 Ca·

793 5062 1283 5152 14.]uncccxxxvu.4.
1419 5164 1422 5168 Α
1588 5019 1592 5029 ’
