<?xml version="1.0" encoding="UTF-8"?>
<!DOCTYPE html PUBLIC "-//W3C//DTD XHTML 1.0 Transitional//EN"
    "http://www.w3.org/TR/xhtml1/DTD/xhtml1-transitional.dtd">
<html xmlns="http://www.w3.org/1999/xhtml" xml:lang="en" lang="en">
 <head>
  <title>
</title>
<meta http-equiv="Content-Type" content="text/html;charset=utf-8" />
  <meta name='ocr-system' content='tesseract 3.04.00' />
  <meta name='ocr-capabilities' content='ocr_page ocr_carea ocr_par ocr_line ocrx_word'/>
</head>
<body>
  <div class='ocr_page' id='page_1' title='image "./cataloguslibror00librgoog_0238.png"; bbox 0 0 4214 5910; ppageno 0'>
   <div class='ocr_carea' id='block_1_1' title="bbox 901 626 1795 745">
    <p class='ocr_par' dir='ltr' id='par_1_1' title="bbox 901 626 1795 745">
     <span class='ocr_line' id='line_1_1' title="bbox 901 626 1795 745; baseline -0.007 -25"><span class='ocrx_word' id='word_1_1' title='bbox 901 626 1078 720; x_wconf 87' lang='lat' dir='ltr'><strong>CLVI.</strong></span> <span class='ocrx_word' id='word_1_2' title='bbox 1701 650 1795 745; x_wconf 85' lang='lat'>227</span> 
     </span>
    </p>
   </div>
   <div class='ocr_carea' id='block_1_2' title="bbox 268 805 1839 4070">
    <p class='ocr_par' dir='ltr' id='par_1_2' title="bbox 268 805 1796 1165">
     <span class='ocr_line' id='line_1_2' title="bbox 313 805 1780 921; baseline -0.007 -24"><span class='ocrx_word' id='word_1_3' title='bbox 313 841 352 898; x_wconf 83' lang='lat'>2.</span> <span class='ocrx_word' id='word_1_4' title='bbox 382 812 497 895; x_wconf 82' lang='lat' dir='ltr'>Bulla</span> <span class='ocrx_word' id='word_1_5' title='bbox 515 808 629 894; x_wconf 88' lang='lat' dir='ltr'>Pauli</span> <span class='ocrx_word' id='word_1_6' title='bbox 646 806 759 921; x_wconf 70' lang='lat' dir='ltr'>papas</span> <span class='ocrx_word' id='word_1_7' title='bbox 786 836 829 891; x_wconf 91' lang='lat'>11</span> <span class='ocrx_word' id='word_1_8' title='bbox 853 811 902 892; x_wconf 91' lang='lat' dir='ltr'>de</span> <span class='ocrx_word' id='word_1_9' title='bbox 920 809 1165 893; x_wconf 89' lang='lat' dir='ltr'>observantia</span> <span class='ocrx_word' id='word_1_10' title='bbox 1178 807 1332 889; x_wconf 89' lang='lat' dir='ltr'>dierum</span> <span class='ocrx_word' id='word_1_11' title='bbox 1350 805 1541 888; x_wconf 85' lang='lat' dir='ltr'>festorum</span> <span class='ocrx_word' id='word_1_12' title='bbox 1560 807 1640 888; x_wconf 91' lang='lat' dir='ltr'>dat.</span> <span class='ocrx_word' id='word_1_13' title='bbox 1663 810 1780 916; x_wconf 87' lang='lat'>1467.</span> 
     </span>
     <span class='ocr_line' id='line_1_3' title="bbox 312 929 1796 1047; baseline -0.004 -30"><span class='ocrx_word' id='word_1_14' title='bbox 312 966 350 1047; x_wconf 82' lang='lat'>3.</span> <span class='ocrx_word' id='word_1_15' title='bbox 381 937 497 1017; x_wconf 90' lang='lat' dir='ltr'>Bulla</span> <span class='ocrx_word' id='word_1_16' title='bbox 513 932 685 1042; x_wconf 84' lang='lat' dir='ltr'>ejusdem</span> <span class='ocrx_word' id='word_1_17' title='bbox 707 960 820 1044; x_wconf 87' lang='lat' dir='ltr'>papae</span> <span class='ocrx_word' id='word_1_18' title='bbox 839 933 1080 1015; x_wconf 85' lang='lat' dir='ltr'>denuntians</span> <span class='ocrx_word' id='word_1_19' title='bbox 1111 930 1344 1014; x_wconf 83' lang='lat' dir='ltr'>sententiam</span> <span class='ocrx_word' id='word_1_20' title='bbox 1370 929 1796 1013; x_wconf 84' lang='lat' dir='ltr'>excommunicationis</span> 
     </span>
     <span class='ocr_line' id='line_1_4' title="bbox 268 1054 1438 1165; baseline -0.003 -27"><span class='ocrx_word' id='word_1_21' title='bbox 268 1134 275 1147; x_wconf 85' lang='grc'>,</span> <span class='ocrx_word' id='word_1_22' title='bbox 382 1076 674 1138; x_wconf 90' lang='lat' dir='ltr'>contraomnes</span> <span class='ocrx_word' id='word_1_23' title='bbox 693 1054 883 1137; x_wconf 90' lang='lat' dir='ltr'>hereticos</span> <span class='ocrx_word' id='word_1_24' title='bbox 902 1060 976 1137; x_wconf 77' lang='lat' dir='ltr'>&amp;c</span> <span class='ocrx_word' id='word_1_25' title='bbox 998 1057 1078 1135; x_wconf 91' lang='lat' dir='ltr'>dat.</span> <span class='ocrx_word' id='word_1_26' title='bbox 1096 1055 1174 1138; x_wconf 87' lang='lat' dir='ltr'>kal.</span> <span class='ocrx_word' id='word_1_27' title='bbox 1196 1060 1295 1165; x_wconf 92' lang='lat' dir='ltr'>Apr.</span> <span class='ocrx_word' id='word_1_28' title='bbox 1321 1054 1438 1161; x_wconf 87' lang='lat'>1467.</span> 
     </span>
    </p>

    <p class='ocr_par' dir='ltr' id='par_1_3' title="bbox 313 1177 1151 1288">
     <span class='ocr_line' id='line_1_5' title="bbox 313 1177 1151 1288; baseline -0.004 -29"><span class='ocrx_word' id='word_1_29' title='bbox 313 1211 353 1288; x_wconf 90' lang='lat'>4.</span> <span class='ocrx_word' id='word_1_30' title='bbox 382 1178 525 1260; x_wconf 85' lang='lat' dir='ltr'>Versus</span> <span class='ocrx_word' id='word_1_31' title='bbox 543 1177 723 1259; x_wconf 89' lang='lat' dir='ltr'>Hubaldi</span> <span class='ocrx_word' id='word_1_32' title='bbox 740 1177 789 1258; x_wconf 90' lang='lat' dir='ltr'>de</span> <span class='ocrx_word' id='word_1_33' title='bbox 801 1178 918 1258; x_wconf 88' lang='lat' dir='ltr'>laude</span> <span class='ocrx_word' id='word_1_34' title='bbox 934 1178 1151 1259; x_wconf 89' lang='lat' dir='ltr'>calvorum.</span> 
     </span>
    </p>

    <p class='ocr_par' dir='ltr' id='par_1_4' title="bbox 314 1298 1596 1411">
     <span class='ocr_line' id='line_1_6' title="bbox 314 1298 1596 1411; baseline -0.003 -29"><span class='ocrx_word' id='word_1_35' title='bbox 314 1331 352 1410; x_wconf 81' lang='grc' dir='ltr'>ς.</span> <span class='ocrx_word' id='word_1_36' title='bbox 382 1299 587 1411; x_wconf 80' lang='lat' dir='ltr'>Expositio</span> <span class='ocrx_word' id='word_1_37' title='bbox 606 1302 751 1409; x_wconf 89' lang='lat' dir='ltr'>regulae</span> <span class='ocrx_word' id='word_1_38' title='bbox 768 1303 805 1380; x_wconf 87' lang='lat' dir='ltr'>S.</span> <span class='ocrx_word' id='word_1_39' title='bbox 827 1299 1029 1381; x_wconf 69' lang='lat' dir='ltr'>Benedisti</span> <span class='ocrx_word' id='word_1_40' title='bbox 1047 1302 1094 1381; x_wconf 90' lang='lat' dir='ltr'>de</span> <span class='ocrx_word' id='word_1_41' title='bbox 1112 1298 1268 1411; x_wconf 91' lang='lat' dir='ltr'>peculio</span> <span class='ocrx_word' id='word_1_42' title='bbox 1289 1298 1596 1379; x_wconf 89' lang='lat' dir='ltr'>monachorum.</span> 
     </span>
    </p>

    <p class='ocr_par' dir='ltr' id='par_1_5' title="bbox 313 1417 1799 1531">
     <span class='ocr_line' id='line_1_7' title="bbox 313 1417 1799 1531; baseline -0.002 -25"><span class='ocrx_word' id='word_1_43' title='bbox 313 1429 351 1506; x_wconf 87' lang='grc' dir='ltr'>ό.</span> <span class='ocrx_word' id='word_1_44' title='bbox 378 1428 515 1504; x_wconf 90' lang='lat' dir='ltr'>Sermo</span> <span class='ocrx_word' id='word_1_45' title='bbox 540 1421 674 1504; x_wconf 84' lang='lat' dir='ltr'>fratris</span> <span class='ocrx_word' id='word_1_46' title='bbox 703 1420 897 1505; x_wconf 88' lang='lat' dir='ltr'>Francisci</span> <span class='ocrx_word' id='word_1_47' title='bbox 914 1423 962 1504; x_wconf 92' lang='lat' dir='ltr'>de</span> <span class='ocrx_word' id='word_1_48' title='bbox 982 1421 1165 1504; x_wconf 91' lang='lat' dir='ltr'>Maronis</span> <span class='ocrx_word' id='word_1_49' title='bbox 1192 1421 1240 1501; x_wconf 91' lang='lat' dir='ltr'>de</span> <span class='ocrx_word' id='word_1_50' title='bbox 1262 1417 1521 1526; x_wconf 84' lang='lat' dir='ltr'>indulgentiis</span> <span class='ocrx_word' id='word_1_51' title='bbox 1543 1419 1585 1502; x_wconf 92' lang='lat' dir='ltr'>in</span> <span class='ocrx_word' id='word_1_52' title='bbox 1606 1417 1799 1531; x_wconf 87' lang='lat' dir='ltr'>presentia</span> 
     </span>
    </p>

    <p class='ocr_par' dir='ltr' id='par_1_6' title="bbox 367 1540 1462 1656">
     <span class='ocr_line' id='line_1_8' title="bbox 367 1540 1462 1656; baseline -0.003 -31"><span class='ocrx_word' id='word_1_53' title='bbox 367 1550 420 1626; x_wconf 91' lang='lat' dir='ltr'>D.</span> <span class='ocrx_word' id='word_1_54' title='bbox 441 1572 555 1654; x_wconf 87' lang='lat' dir='ltr'>papae</span> <span class='ocrx_word' id='word_1_55' title='bbox 574 1561 614 1625; x_wconf 92' lang='lat' dir='ltr'>et</span> <span class='ocrx_word' id='word_1_56' title='bbox 629 1542 891 1626; x_wconf 87' lang='lat' dir='ltr'>cardinalium</span> <span class='ocrx_word' id='word_1_57' title='bbox 910 1562 1089 1656; x_wconf 91' lang='lat' dir='ltr'>tempore</span> <span class='ocrx_word' id='word_1_58' title='bbox 1108 1540 1462 1651; x_wconf 88' lang='lat' dir='ltr'>indulgentiarum.</span> 
     </span>
    </p>

    <p class='ocr_par' dir='ltr' id='par_1_7' title="bbox 311 1662 1799 1779">
     <span class='ocr_line' id='line_1_9' title="bbox 311 1662 1799 1779; baseline -0.001 -31"><span class='ocrx_word' id='word_1_59' title='bbox 311 1697 351 1779; x_wconf 93' lang='lat'>7.</span> <span class='ocrx_word' id='word_1_60' title='bbox 381 1671 625 1776; x_wconf 89' lang='lat' dir='ltr'>Excerptum</span> <span class='ocrx_word' id='word_1_61' title='bbox 651 1695 698 1748; x_wconf 87' lang='lat' dir='ltr'>ex</span> <span class='ocrx_word' id='word_1_62' title='bbox 723 1665 826 1748; x_wconf 88' lang='lat' dir='ltr'>libro</span> <span class='ocrx_word' id='word_1_63' title='bbox 842 1666 1003 1748; x_wconf 91' lang='lat' dir='ltr'>Ricardi</span> <span class='ocrx_word' id='word_1_64' title='bbox 1022 1665 1227 1776; x_wconf 89' lang='lat' dir='ltr'>Radulphi</span> <span class='ocrx_word' id='word_1_65' title='bbox 1249 1662 1534 1773; x_wconf 76' lang='lat' dir='ltr'>[Fitz-Ralph]</span> <span class='ocrx_word' id='word_1_66' title='bbox 1554 1665 1601 1746; x_wconf 92' lang='lat' dir='ltr'>de</span> <span class='ocrx_word' id='word_1_67' title='bbox 1626 1665 1799 1774; x_wconf 90' lang='lat' dir='ltr'>questio·</span> 
     </span>
    </p>

    <p class='ocr_par' dir='ltr' id='par_1_8' title="bbox 366 1785 1509 1899">
     <span class='ocr_line' id='line_1_10' title="bbox 366 1785 1509 1899; baseline -0.003 -29"><span class='ocrx_word' id='word_1_68' title='bbox 366 1788 486 1870; x_wconf 91' lang='lat' dir='ltr'>nibus</span> <span class='ocrx_word' id='word_1_69' title='bbox 502 1794 773 1870; x_wconf 90' lang='lat' dir='ltr'>Armenorum</span> <span class='ocrx_word' id='word_1_70' title='bbox 790 1787 879 1869; x_wconf 93' lang='lat' dir='ltr'>Lib.</span> <span class='ocrx_word' id='word_1_71' title='bbox 896 1788 978 1870; x_wconf 87' lang='lat' dir='ltr'>xiii.</span> <span class='ocrx_word' id='word_1_72' title='bbox 995 1816 1082 1899; x_wconf 90' lang='lat' dir='ltr'>cap.</span> <span class='ocrx_word' id='word_1_73' title='bbox 1106 1818 1153 1893; x_wconf 91' lang='lat'>19</span> <span class='ocrx_word' id='word_1_74' title='bbox 1172 1789 1220 1869; x_wconf 90' lang='lat' dir='ltr'>de</span> <span class='ocrx_word' id='word_1_75' title='bbox 1238 1785 1509 1894; x_wconf 85' lang='lat' dir='ltr'>indulgentiis.</span> 
     </span>
    </p>

    <p class='ocr_par' dir='ltr' id='par_1_9' title="bbox 312 1905 1797 2021">
     <span class='ocr_line' id='line_1_11' title="bbox 312 1905 1797 2021; baseline 0.001 -30"><span class='ocrx_word' id='word_1_76' title='bbox 312 1911 350 1991; x_wconf 88' lang='lat'>8.</span> <span class='ocrx_word' id='word_1_77' title='bbox 380 1910 583 1992; x_wconf 89' lang='lat' dir='ltr'>Sententia</span> <span class='ocrx_word' id='word_1_78' title='bbox 595 1909 825 1992; x_wconf 89' lang='lat' dir='ltr'>venerabilis</span> <span class='ocrx_word' id='word_1_79' title='bbox 840 1909 1012 1992; x_wconf 74' lang='lat' dir='ltr'>doctoris</span> <span class='ocrx_word' id='word_1_80' title='bbox 1029 1909 1189 1995; x_wconf 90' lang='lat' dir='ltr'>Ricardi</span> <span class='ocrx_word' id='word_1_81' title='bbox 1210 1907 1446 2021; x_wconf 81' lang='lat' dir='ltr'>Fysschakyr</span> <span class='ocrx_word' id='word_1_82' title='bbox 1468 1909 1516 1990; x_wconf 90' lang='lat' dir='ltr'>de</span> <span class='ocrx_word' id='word_1_83' title='bbox 1540 1905 1797 2020; x_wconf 89' lang='lat' dir='ltr'>indulgentiis</span> 
     </span>
    </p>

    <p class='ocr_par' dir='ltr' id='par_1_10' title="bbox 381 2030 1302 2143">
     <span class='ocr_line' id='line_1_12' title="bbox 381 2030 1302 2143; baseline 0.001 -31"><span class='ocrx_word' id='word_1_84' title='bbox 381 2031 496 2143; x_wconf 89' lang='lat' dir='ltr'>super</span> <span class='ocrx_word' id='word_1_85' title='bbox 514 2048 631 2137; x_wconf 91' lang='lat' dir='ltr'>4tum</span> <span class='ocrx_word' id='word_1_86' title='bbox 650 2031 798 2113; x_wconf 88' lang='lat' dir='ltr'>librum</span> <span class='ocrx_word' id='word_1_87' title='bbox 824 2030 1108 2116; x_wconf 86' lang='lat' dir='ltr'>sententiarum</span> <span class='ocrx_word' id='word_1_88' title='bbox 1127 2031 1215 2114; x_wconf 92' lang='lat' dir='ltr'>dist.</span> <span class='ocrx_word' id='word_1_89' title='bbox 1233 2060 1302 2141; x_wconf 85' lang='lat'>45.</span> 
     </span>
    </p>

    <p class='ocr_par' dir='ltr' id='par_1_11' title="bbox 315 2151 894 2262">
     <span class='ocr_line' id='line_1_13' title="bbox 315 2151 894 2262; baseline 0.002 -28"><span class='ocrx_word' id='word_1_90' title='bbox 315 2185 353 2262; x_wconf 90' lang='lat'>9.</span> <span class='ocrx_word' id='word_1_91' title='bbox 382 2151 601 2235; x_wconf 84' lang='lat' dir='ltr'>Parifienfis</span> <span class='ocrx_word' id='word_1_92' title='bbox 619 2154 668 2235; x_wconf 90' lang='lat' dir='ltr'>de</span> <span class='ocrx_word' id='word_1_93' title='bbox 686 2153 822 2235; x_wconf 89' lang='lat' dir='ltr'>eadem</span> <span class='ocrx_word' id='word_1_94' title='bbox 840 2182 894 2237; x_wconf 91' lang='lat' dir='ltr'>re.</span> 
     </span>
    </p>

    <p class='ocr_par' dir='ltr' id='par_1_12' title="bbox 319 2275 1800 2479">
     <span class='ocr_line' id='line_1_14' title="bbox 319 2275 1800 2387; baseline 0.001 -29"><span class='ocrx_word' id='word_1_95' title='bbox 319 2306 379 2358; x_wconf 94' lang='lat'>10.</span> <span class='ocrx_word' id='word_1_96' title='bbox 410 2275 586 2357; x_wconf 90' lang='lat' dir='ltr'>Libellus</span> <span class='ocrx_word' id='word_1_97' title='bbox 605 2276 836 2358; x_wconf 88' lang='lat' dir='ltr'>venerabilis</span> <span class='ocrx_word' id='word_1_98' title='bbox 851 2277 1010 2385; x_wconf 86' lang='lat' dir='ltr'>Ricardi</span> <span class='ocrx_word' id='word_1_99' title='bbox 1020 2279 1069 2358; x_wconf 92' lang='lat' dir='ltr'>de</span> <span class='ocrx_word' id='word_1_100' title='bbox 1084 2276 1229 2361; x_wconf 70' lang='lat' dir='ltr'>Sansto</span> <span class='ocrx_word' id='word_1_101' title='bbox 1242 2275 1404 2358; x_wconf 70' lang='lat' dir='ltr'>Victore</span> <span class='ocrx_word' id='word_1_102' title='bbox 1414 2276 1462 2358; x_wconf 92' lang='lat' dir='ltr'>de</span> <span class='ocrx_word' id='word_1_103' title='bbox 1473 2275 1663 2387; x_wconf 87' lang='lat' dir='ltr'>potestate</span> <span class='ocrx_word' id='word_1_104' title='bbox 1676 2277 1800 2359; x_wconf 76' lang='lat' dir='ltr'>clavi--</span> 
     </span>
     <span class='ocr_line' id='line_1_15' title="bbox 411 2397 811 2479; baseline 0.003 -1"><span class='ocrx_word' id='word_1_105' title='bbox 411 2423 484 2478; x_wconf 89' lang='lat' dir='ltr'>um</span> <span class='ocrx_word' id='word_1_106' title='bbox 499 2397 811 2479; x_wconf 83' lang='lat' dir='ltr'>sacerdotalium.</span> 
     </span>
    </p>

    <p class='ocr_par' dir='ltr' id='par_1_13' title="bbox 321 2518 1799 2750">
     <span class='ocr_line' id='line_1_16' title="bbox 321 2518 1799 2631; baseline 0.002 -31"><span class='ocrx_word' id='word_1_107' title='bbox 321 2548 382 2600; x_wconf 92' lang='lat'>11.</span> <span class='ocrx_word' id='word_1_108' title='bbox 414 2519 580 2626; x_wconf 85' lang='lat' dir='ltr'>Qestio</span> <span class='ocrx_word' id='word_1_109' title='bbox 605 2518 922 2630; x_wconf 90' lang='lat' dir='ltr'>decima-quarta</span> <span class='ocrx_word' id='word_1_110' title='bbox 947 2519 1156 2631; x_wconf 91' lang='lat' dir='ltr'>quodlibet</span> <span class='ocrx_word' id='word_1_111' title='bbox 1190 2525 1302 2630; x_wconf 88' lang='lat' dir='ltr'>Mag.</span> <span class='ocrx_word' id='word_1_112' title='bbox 1331 2519 1496 2603; x_wconf 90' lang='lat' dir='ltr'>Henrici</span> <span class='ocrx_word' id='word_1_113' title='bbox 1531 2522 1579 2602; x_wconf 92' lang='lat' dir='ltr'>de</span> <span class='ocrx_word' id='word_1_114' title='bbox 1605 2521 1799 2603; x_wconf 91' lang='lat' dir='ltr'>Gandavo</span> 
     </span>
     <span class='ocr_line' id='line_1_17' title="bbox 413 2640 750 2750; baseline 0 -29"><span class='ocrx_word' id='word_1_115' title='bbox 413 2642 462 2721; x_wconf 90' lang='lat' dir='ltr'>de</span> <span class='ocrx_word' id='word_1_116' title='bbox 480 2640 750 2750; x_wconf 87' lang='lat' dir='ltr'>indulgentiis.</span> 
     </span>
    </p>

    <p class='ocr_par' dir='ltr' id='par_1_14' title="bbox 321 2762 1795 2881">
     <span class='ocr_line' id='line_1_18' title="bbox 321 2762 1795 2881; baseline 0.001 -35"><span class='ocrx_word' id='word_1_117' title='bbox 321 2792 382 2846; x_wconf 88' lang='lat'>12.</span> <span class='ocrx_word' id='word_1_118' title='bbox 412 2767 563 2845; x_wconf 88' lang='lat' dir='ltr'>Utrum</span> <span class='ocrx_word' id='word_1_119' title='bbox 582 2763 754 2874; x_wconf 88' lang='lat' dir='ltr'>principi</span> <span class='ocrx_word' id='word_1_120' title='bbox 772 2780 1021 2848; x_wconf 86' lang='lat' dir='ltr'>terrenorum</span> <span class='ocrx_word' id='word_1_121' title='bbox 1040 2765 1247 2848; x_wconf 81' lang='lat' dir='ltr'>necessaria</span> <span class='ocrx_word' id='word_1_122' title='bbox 1259 2763 1306 2846; x_wconf 80' lang='lat' dir='ltr'>stt</span> <span class='ocrx_word' id='word_1_123' title='bbox 1323 2762 1465 2881; x_wconf 89' lang='lat' dir='ltr'>peritia</span> <span class='ocrx_word' id='word_1_124' title='bbox 1480 2763 1700 2848; x_wconf 89' lang='lat' dir='ltr'>literarum.</span> <span class='ocrx_word' id='word_1_125' title='bbox 1787 2826 1795 2835; x_wconf 27' lang='grc' dir='ltr'>ι.</span> 
     </span>
    </p>

    <p class='ocr_par' dir='ltr' id='par_1_15' title="bbox 322 2885 1336 2997">
     <span class='ocr_line' id='line_1_19' title="bbox 322 2885 1336 2997; baseline 0.003 -31"><span class='ocrx_word' id='word_1_126' title='bbox 322 2914 384 2994; x_wconf 86' lang='lat'>13.</span> <span class='ocrx_word' id='word_1_127' title='bbox 414 2886 620 2968; x_wconf 89' lang='lat' dir='ltr'>Notabilia</span> <span class='ocrx_word' id='word_1_128' title='bbox 635 2885 808 2969; x_wconf 75' lang='lat' dir='ltr'>doctoris</span> <span class='ocrx_word' id='word_1_129' title='bbox 828 2886 980 2970; x_wconf 91' lang='lat' dir='ltr'>subtilis</span> <span class='ocrx_word' id='word_1_130' title='bbox 1000 2889 1048 2970; x_wconf 89' lang='lat' dir='ltr'>de</span> <span class='ocrx_word' id='word_1_131' title='bbox 1067 2887 1336 2997; x_wconf 87' lang='lat' dir='ltr'>indulgentiis.</span> 
     </span>
    </p>

    <p class='ocr_par' dir='ltr' id='par_1_16' title="bbox 323 3007 1801 3487">
     <span class='ocr_line' id='line_1_20' title="bbox 323 3007 1799 3123; baseline 0.003 -36"><span class='ocrx_word' id='word_1_132' title='bbox 323 3036 383 3113; x_wconf 88' lang='lat'>14.</span> <span class='ocrx_word' id='word_1_133' title='bbox 414 3011 566 3090; x_wconf 89' lang='lat' dir='ltr'>Utrum</span> <span class='ocrx_word' id='word_1_134' title='bbox 591 3008 660 3090; x_wconf 89' lang='lat' dir='ltr'>iste</span> <span class='ocrx_word' id='word_1_135' title='bbox 688 3008 760 3119; x_wconf 92' lang='lat' dir='ltr'>qui</span> <span class='ocrx_word' id='word_1_136' title='bbox 790 3008 1040 3123; x_wconf 91' lang='lat' dir='ltr'>principatur</span> <span class='ocrx_word' id='word_1_137' title='bbox 1066 3009 1282 3092; x_wconf 91' lang='lat' dir='ltr'>secundum</span> <span class='ocrx_word' id='word_1_138' title='bbox 1311 3007 1626 3116; x_wconf 72' lang='lat' dir='ltr'>jurisdictionem</span> <span class='ocrx_word' id='word_1_139' title='bbox 1658 3009 1799 3092; x_wconf 92' lang='lat' dir='ltr'>utilem</span> 
     </span>
     <span class='ocr_line' id='line_1_21' title="bbox 418 3129 1801 3242; baseline 0.002 -31"><span class='ocrx_word' id='word_1_140' title='bbox 418 3147 614 3239; x_wconf 88' lang='lat' dir='ltr'>tanquam</span> <span class='ocrx_word' id='word_1_141' title='bbox 633 3132 851 3215; x_wconf 90' lang='lat' dir='ltr'>monarcha</span> <span class='ocrx_word' id='word_1_142' title='bbox 875 3133 1015 3214; x_wconf 88' lang='lat' dir='ltr'>debeat</span> <span class='ocrx_word' id='word_1_143' title='bbox 1041 3132 1198 3239; x_wconf 89' lang='lat' dir='ltr'>dejure</span> <span class='ocrx_word' id='word_1_144' title='bbox 1224 3130 1399 3214; x_wconf 90' lang='lat' dir='ltr'>naturali</span> <span class='ocrx_word' id='word_1_145' title='bbox 1425 3129 1621 3239; x_wconf 87' lang='lat' dir='ltr'>subjacere</span> <span class='ocrx_word' id='word_1_146' title='bbox 1647 3131 1704 3214; x_wconf 92' lang='lat' dir='ltr'>illi</span> <span class='ocrx_word' id='word_1_147' title='bbox 1729 3131 1801 3242; x_wconf 92' lang='lat' dir='ltr'>qui</span> 
     </span>
     <span class='ocr_line' id='line_1_22' title="bbox 413 3251 1799 3367; baseline 0.002 -34"><span class='ocrx_word' id='word_1_148' title='bbox 413 3251 662 3363; x_wconf 84' lang='lat' dir='ltr'>principatur</span> <span class='ocrx_word' id='word_1_149' title='bbox 686 3255 900 3337; x_wconf 90' lang='lat' dir='ltr'>secundum</span> <span class='ocrx_word' id='word_1_150' title='bbox 926 3255 1217 3365; x_wconf 88' lang='lat' dir='ltr'>plenitudinem</span> <span class='ocrx_word' id='word_1_151' title='bbox 1238 3252 1440 3367; x_wconf 89' lang='lat' dir='ltr'>potestatis</span> <span class='ocrx_word' id='word_1_152' title='bbox 1466 3253 1510 3336; x_wconf 92' lang='lat' dir='ltr'>in</span> <span class='ocrx_word' id='word_1_153' title='bbox 1532 3253 1799 3367; x_wconf 89' lang='lat' dir='ltr'>spiritualibus</span> 
     </span>
     <span class='ocr_line' id='line_1_23' title="bbox 412 3374 1165 3487; baseline 0.009 -33"><span class='ocrx_word' id='word_1_154' title='bbox 412 3375 547 3483; x_wconf 90' lang='lat' dir='ltr'>quoad</span> <span class='ocrx_word' id='word_1_155' title='bbox 562 3374 712 3475; x_wconf 89' lang='lat' dir='ltr'>omnia,</span> <span class='ocrx_word' id='word_1_156' title='bbox 729 3375 801 3487; x_wconf 92' lang='lat' dir='ltr'>qui</span> <span class='ocrx_word' id='word_1_157' title='bbox 813 3377 960 3478; x_wconf 86' lang='lat' dir='ltr'>dicitur</span> <span class='ocrx_word' id='word_1_158' title='bbox 978 3377 1165 3462; x_wconf 87' lang='lat' dir='ltr'>ierarcha.</span> 
     </span>
    </p>

    <p class='ocr_par' dir='ltr' id='par_1_17' title="bbox 322 3494 1839 3730">
     <span class='ocr_line' id='line_1_24' title="bbox 322 3494 1799 3613; baseline 0.003 -35"><span class='ocrx_word' id='word_1_159' title='bbox 322 3522 383 3605; x_wconf 84' lang='lat'>15.</span> <span class='ocrx_word' id='word_1_160' title='bbox 412 3494 589 3607; x_wconf 88' lang='lat' dir='ltr'>Epistola</span> <span class='ocrx_word' id='word_1_161' title='bbox 599 3497 843 3610; x_wconf 89' lang='lat' dir='ltr'>incompleta</span> <span class='ocrx_word' id='word_1_162' title='bbox 851 3499 1051 3583; x_wconf 90' lang='lat' dir='ltr'>Mansueti</span> <span class='ocrx_word' id='word_1_163' title='bbox 1063 3499 1347 3586; x_wconf 84' lang='lat' dir='ltr'>Medicanensrs</span> <span class='ocrx_word' id='word_1_164' title='bbox 1360 3498 1529 3613; x_wconf 92' lang='lat' dir='ltr'>episcopi</span> <span class='ocrx_word' id='word_1_165' title='bbox 1543 3501 1799 3586; x_wconf 91' lang='lat' dir='ltr'>adConstan-</span> 
     </span>
     <span class='ocr_line' id='line_1_25' title="bbox 414 3619 1839 3730; baseline 0.004 -30"><span class='ocrx_word' id='word_1_166' title='bbox 414 3636 494 3701; x_wconf 91' lang='lat' dir='ltr'>tem</span> <span class='ocrx_word' id='word_1_167' title='bbox 517 3619 809 3730; x_wconf 88' lang='lat' dir='ltr'>imperatorem.</span> <span class='ocrx_word' id='word_1_168' title='bbox 1835 3652 1839 3657; x_wconf 75' lang='grc'><strong><em>’</em></strong></span> 
     </span>
    </p>

    <p class='ocr_par' dir='ltr' id='par_1_18' title="bbox 323 3742 982 3853">
     <span class='ocr_line' id='line_1_26' title="bbox 323 3742 982 3853; baseline 0.011 -32"><span class='ocrx_word' id='word_1_169' title='bbox 323 3743 383 3821; x_wconf 90' lang='lat'>16.</span> <span class='ocrx_word' id='word_1_170' title='bbox 414 3745 476 3823; x_wconf 90' lang='lat' dir='ltr'>De</span> <span class='ocrx_word' id='word_1_171' title='bbox 493 3744 685 3853; x_wconf 85' lang='lat' dir='ltr'>potestate</span> <span class='ocrx_word' id='word_1_172' title='bbox 704 3742 982 3828; x_wconf 86' lang='lat' dir='ltr'>consessorum.</span> 
     </span>
    </p>

    <p class='ocr_par' dir='ltr' id='par_1_19' title="bbox 323 3864 823 3972">
     <span class='ocr_line' id='line_1_27' title="bbox 323 3864 823 3972; baseline 0.014 -30"><span class='ocrx_word' id='word_1_173' title='bbox 323 3888 385 3972; x_wconf 89' lang='lat'>17.</span> <span class='ocrx_word' id='word_1_174' title='bbox 415 3868 477 3944; x_wconf 91' lang='lat' dir='ltr'>De</span> <span class='ocrx_word' id='word_1_175' title='bbox 498 3864 756 3949; x_wconf 85' lang='lat' dir='ltr'>restitutione.</span> <span class='ocrx_word' id='word_1_176' title='bbox 820 3868 823 3873; x_wconf 72' lang='grc'>’</span> 
     </span>
    </p>

    <p class='ocr_par' dir='ltr' id='par_1_20' title="bbox 324 3985 641 4070">
     <span class='ocr_line' id='line_1_28' title="bbox 324 3985 641 4070; baseline 0.019 -6"><span class='ocrx_word' id='word_1_177' title='bbox 324 3985 385 4066; x_wconf 87' lang='lat'>18.</span> <span class='ocrx_word' id='word_1_178' title='bbox 417 3986 641 4070; x_wconf 76' lang='lat' dir='ltr'>Orationes</span> 
     </span>
    </p>
   </div>
   <div class='ocr_carea' id='block_1_3' title="bbox 157 4111 1800 4225">
    <p class='ocr_par' dir='ltr' id='par_1_21' title="bbox 157 4111 1800 4225">
     <span class='ocr_line' id='line_1_29' title="bbox 157 4111 1800 4225; baseline 0.007 -39"><span class='ocrx_word' id='word_1_179' title='bbox 157 4118 173 4141; x_wconf 89' lang='grc'>·’</span> <span class='ocrx_word' id='word_1_180' title='bbox 324 4134 386 4214; x_wconf 89' lang='lat'>19.</span> <span class='ocrx_word' id='word_1_181' title='bbox 417 4112 553 4190; x_wconf 86' lang='lat' dir='ltr'>Sermo</span> <span class='ocrx_word' id='word_1_182' title='bbox 583 4114 635 4192; x_wconf 92' lang='lat' dir='ltr'>D.</span> <span class='ocrx_word' id='word_1_183' title='bbox 664 4111 830 4195; x_wconf 90' lang='lat' dir='ltr'>Roberti</span> <span class='ocrx_word' id='word_1_184' title='bbox 856 4112 1027 4224; x_wconf 90' lang='lat' dir='ltr'>episcopi</span> <span class='ocrx_word' id='word_1_185' title='bbox 1056 4113 1242 4210; x_wconf 90' lang='lat' dir='ltr'>Lincoln‚</span> <span class='ocrx_word' id='word_1_186' title='bbox 1282 4142 1403 4224; x_wconf 91' lang='lat' dir='ltr'>quem</span> <span class='ocrx_word' id='word_1_187' title='bbox 1428 4112 1642 4225; x_wconf 90' lang='lat' dir='ltr'>predicavit</span> <span class='ocrx_word' id='word_1_188' title='bbox 1665 4138 1800 4198; x_wconf 91' lang='lat' dir='ltr'>coram</span> 
     </span>
    </p>
   </div>
   <div class='ocr_carea' id='block_1_4' title="bbox 293 4231 1800 4817">
    <p class='ocr_par' dir='ltr' id='par_1_22' title="bbox 293 4231 1755 4349">
     <span class='ocr_line' id='line_1_30' title="bbox 293 4231 1755 4349; baseline 0.007 -39"><span class='ocrx_word' id='word_1_189' title='bbox 293 4340 297 4349; x_wconf 16' lang='lat' dir='ltr'><em>q</em></span> <span class='ocrx_word' id='word_1_190' title='bbox 421 4231 529 4313; x_wconf 91' lang='lat' dir='ltr'>dom.</span> <span class='ocrx_word' id='word_1_191' title='bbox 575 4235 810 4318; x_wconf 89' lang='lat' dir='ltr'>Innocentio</span> <span class='ocrx_word' id='word_1_192' title='bbox 828 4263 941 4348; x_wconf 85' lang='lat' dir='ltr'>papae</span> <span class='ocrx_word' id='word_1_193' title='bbox 960 4238 1012 4318; x_wconf 92' lang='lat' dir='ltr'>iv.</span> <span class='ocrx_word' id='word_1_194' title='bbox 1033 4252 1072 4317; x_wconf 89' lang='lat' dir='ltr'>et</span> <span class='ocrx_word' id='word_1_195' title='bbox 1087 4236 1350 4347; x_wconf 85' lang='lat' dir='ltr'>cardinalibus</span> <span class='ocrx_word' id='word_1_196' title='bbox 1369 4237 1477 4346; x_wconf 88' lang='lat' dir='ltr'>apud</span> <span class='ocrx_word' id='word_1_197' title='bbox 1493 4238 1755 4346; x_wconf 89' lang='lat' dir='ltr'>Lugdunum.</span> 
     </span>
    </p>

    <p class='ocr_par' dir='ltr' id='par_1_23' title="bbox 320 4348 1800 4817">
     <span class='ocr_line' id='line_1_31' title="bbox 320 4348 1800 4443; baseline 0.009 -13"><span class='ocrx_word' id='word_1_198' title='bbox 320 4375 385 4432; x_wconf 87' lang='lat'>20.</span> <span class='ocrx_word' id='word_1_199' title='bbox 416 4348 559 4435; x_wconf 87' lang='lat' dir='ltr'>Literae</span> <span class='ocrx_word' id='word_1_200' title='bbox 578 4357 802 4438; x_wconf 87' lang='lat' dir='ltr'>Innocentii</span> <span class='ocrx_word' id='word_1_201' title='bbox 831 4358 882 4440; x_wconf 89' lang='lat' dir='ltr'>iv.</span> <span class='ocrx_word' id='word_1_202' title='bbox 902 4358 950 4438; x_wconf 93' lang='lat' dir='ltr'>ad</span> <span class='ocrx_word' id='word_1_203' title='bbox 970 4357 1292 4441; x_wconf 86' lang='lat' dir='ltr'>archidiaconum</span> <span class='ocrx_word' id='word_1_204' title='bbox 1316 4364 1435 4441; x_wconf 88' lang='lat' dir='ltr'>Cant.</span> <span class='ocrx_word' id='word_1_205' title='bbox 1458 4377 1497 4441; x_wconf 88' lang='lat' dir='ltr'>et</span> <span class='ocrx_word' id='word_1_206' title='bbox 1517 4360 1800 4443; x_wconf 89' lang='lat' dir='ltr'>Innocentium</span> 
     </span>
     <span class='ocr_line' id='line_1_32' title="bbox 413 4472 1798 4597; baseline 0.007 -42"><span class='ocrx_word' id='word_1_207' title='bbox 413 4472 663 4597; x_wconf 77' lang='lat' dir='ltr'>collestorem</span> <span class='ocrx_word' id='word_1_208' title='bbox 683 4477 861 4562; x_wconf 89' lang='lat' dir='ltr'>suumin</span> <span class='ocrx_word' id='word_1_209' title='bbox 882 4483 1042 4590; x_wconf 88' lang='lat' dir='ltr'>Anglia,</span> <span class='ocrx_word' id='word_1_210' title='bbox 1072 4499 1121 4564; x_wconf 90' lang='lat' dir='ltr'>ut</span> <span class='ocrx_word' id='word_1_211' title='bbox 1139 4498 1325 4593; x_wconf 89' lang='lat' dir='ltr'>nepotem</span> <span class='ocrx_word' id='word_1_212' title='bbox 1345 4480 1461 4564; x_wconf 89' lang='lat' dir='ltr'>suum</span> <span class='ocrx_word' id='word_1_213' title='bbox 1480 4481 1731 4565; x_wconf 85' lang='lat' dir='ltr'>Fredericum</span> <span class='ocrx_word' id='word_1_214' title='bbox 1750 4484 1798 4565; x_wconf 91' lang='lat' dir='ltr'>de</span> 
     </span>
     <span class='ocr_line' id='line_1_33' title="bbox 416 4598 1800 4718; baseline 0.007 -39"><span class='ocrx_word' id='word_1_215' title='bbox 416 4598 594 4680; x_wconf 86' lang='lat' dir='ltr'>Lavania</span> <span class='ocrx_word' id='word_1_216' title='bbox 612 4599 655 4682; x_wconf 91' lang='lat' dir='ltr'>in</span> <span class='ocrx_word' id='word_1_217' title='bbox 670 4603 951 4691; x_wconf 73' lang='lat' dir='ltr'>canonicatum</span> <span class='ocrx_word' id='word_1_218' title='bbox 981 4603 1025 4686; x_wconf 93' lang='lat' dir='ltr'>in</span> <span class='ocrx_word' id='word_1_219' title='bbox 1043 4603 1198 4689; x_wconf 77' lang='lat' dir='ltr'>ecclesia</span> <span class='ocrx_word' id='word_1_220' title='bbox 1220 4604 1408 4704; x_wconf 87' lang='lat' dir='ltr'>Lincoln‚</span> <span class='ocrx_word' id='word_1_221' title='bbox 1438 4605 1620 4718; x_wconf 82' lang='lat' dir='ltr'>proxime</span> <span class='ocrx_word' id='word_1_222' title='bbox 1638 4624 1800 4689; x_wconf 89' lang='lat' dir='ltr'>vacatu-</span> 
     </span>
     <span class='ocr_line' id='line_1_34' title="bbox 417 4719 751 4817; baseline 0.018 -15"><span class='ocrx_word' id='word_1_223' title='bbox 417 4746 525 4817; x_wconf 85' lang='lat' dir='ltr'>rum,</span> <span class='ocrx_word' id='word_1_224' title='bbox 543 4719 751 4817; x_wconf 84' lang='lat' dir='ltr'>inducant.</span> 
     </span>
    </p>
   </div>
   <div class='ocr_carea' id='block_1_5' title="bbox 1656 4856 1829 4937">
    <p class='ocr_par' dir='ltr' id='par_1_24' title="bbox 1656 4856 1829 4937">
     <span class='ocr_line' id='line_1_35' title="bbox 1656 4856 1829 4937; baseline 0.012 -2"><span class='ocrx_word' id='word_1_225' title='bbox 1656 4856 1720 4935; x_wconf 85' lang='lat'>21.</span> <span class='ocrx_word' id='word_1_226' title='bbox 1749 4858 1829 4937; x_wconf 89' lang='lat' dir='ltr'>Re-</span> 
     </span>
    </p>
   </div>
   <div class='ocr_carea' id='block_1_6' title="bbox 319 5103 1087 5291">
    <p class='ocr_par' dir='ltr' id='par_1_25' title="bbox 319 5103 1087 5291">
     <span class='ocr_line' id='line_1_36' title="bbox 319 5103 1048 5290; baseline -0.01 -110"><span class='ocrx_word' id='word_1_227' title='bbox 319 5103 577 5189; x_wconf 71' lang='lat' dir='ltr'>dJuucvu.</span> <span class='ocrx_word' id='word_1_228' title='bbox 594 5111 778 5201; x_wconf 77' lang='lat' dir='ltr'>5.c11.⁶.</span> <span class='ocrx_word' id='word_1_229' title='bbox 839 5122 873 5177; x_wconf 88' lang='lat'>·.</span> <span class='ocrx_word' id='word_1_230' title='bbox 922 5162 926 5169; x_wconf 96' lang='lat'>.</span> <span class='ocrx_word' id='word_1_231' title='bbox 970 5202 1048 5290; x_wconf 84' lang='lat' dir='ltr'>Ff</span> 
     </span>
     <span class='ocr_line' id='line_1_37' title="bbox 1063 5233 1087 5291; baseline 0 0"><span class='ocrx_word' id='word_1_232' title='bbox 1063 5233 1087 5291; x_wconf 90' lang='lat'><em>2</em></span> 
     </span>
    </p>
   </div>
   <div class='ocr_carea' id='block_1_7' title="bbox 0 0 2119 5908">
    <p class='ocr_par' dir='ltr' id='par_1_26' title="bbox 0 0 2119 5908">
     <span class='ocr_line' id='line_1_38' title="bbox 0 0 2119 5908; baseline 0 0"><span class='ocrx_word' id='word_1_233' title='bbox 0 0 2119 5908; x_wconf 95' lang='lat' dir='ltr'> </span> 
     </span>
    </p>
   </div>
  </div>
 </body>
</html>
