4214 5910
347 1074 463 1160 Codex
480 1069 767 1155 membranaceus
785 1060 941 1172 infolio,
948 1069 1069 1177 stculo
1086 1069 1327 1180 xoscrrptus,
1346 1073 1471 1186 inquo
1489 1079 1706 1179 continetur,

347 1196 582 1283 Chronicon
605 1187 798 1275 Iohannis
821 1191 1049 1301 Brompton
1078 1191 1234 1276 abbatis
1258 1195 1545 1299 Jorevallensts,
1572 1201 1834 1294 Cistorciettfts

291 1320 479 1408 instituti.
494 1363 520 1406 oc
547 1404 550 1412 .

345 1480 372 1526 oc
389 1440 584 1552 Inscriptio
615 1435 818 1528 neoterica3
852 1434 907 1514 ad
933 1434 1065 1516 calcem
1097 1452 1219 1517 autern
1250 1439 1394 1537 codicis,
1429 1446 1596 1528 “Liber
1628 1448 1835 1555 monasterii

285 1576 315 1617 “
335 1561 593 1676 Jorevollerfir
610 1589 655 1640 ex
673 1555 932 1666 procuratione
948 1554 1086 1638 dontini
1102 1557 1274 1639 Iohannis
1298 1560 1495 1671 Brompton
1521 1568 1665 1650 obbatis
1683 1571 1833 1680 ejustfenr

249 1678 251 1682 Α
290 1699 318 1737 “
336 1686 428 1768 loci:
443 1685 487 1793 st
500 1683 581 1794 quis
598 1679 693 1761 hunc
711 1678 847 1760 librum
869 1674 1097 1759 alienaverit
1116 1677 1297 1761 delebitur
1317 1682 1361 1763 de
1382 1687 1477 1787 libro
1493 1690 1623 1772 vitae.''
1677 1698 1724 1776 In
1732 1697 1832 1801 solio

284 1806 480 1916 'rq‘criitio
495 1815 537 1854 ·“
558 1804 653 1884 Haec
678 1799 848 1881 chronico
875 1791 1085 1905 comparata
1113 1800 1210 1906 elio
1237 1804 1407 1912 magistro
1435 1810 1549 1892 Petro
1578 1811 1739 1919 Osburne
1759 1835 1833 1927 pro

288 1942 316 1980 “
336 1929 507 2011 chronico
537 1920 730 2034 Ronulphi
757 1917 939 2029 Cestretfis
954 1920 1044 2027 five
1068 1919 1333 2030 polichronicon
1359 1927 1504 2014 Latine
1534 1933 1576 2013 in
1603 1964 1732 2049 rnogno
1763 1967 1830 2021 vo·

288 2052 458 2137 iumine.”

341 2180 466 2258 Extat
491 2173 591 2254 inter
608 2163 956 2276 decenoscriptorest
972 2157 1052 2248 ubi
1075 2165 1162 2249 vide
1178 2151 1457 2277 distentationern
1476 2176 1619 2261 Seldeni
1637 2172 1684 2262 de
1704 2200 1832 2269 autore

285 2296 392 2408 ouo
409 2296 583 2380 cm
671 2439 937 2563 xcvn.
971 2429 1127 2564 Vite
1158 2445 1423 2572 cxxn.

908 2659 1201 2783 xcvnl.

337 2827 380 2914 't'-
409 2824 546 2910 Rotuio
571 2821 844 2905 membranaceo
866 2822 1047 2907 continens
1070 2823 1171 2907 duas
1196 2822 1354 2908 tabulas
1384 2825 1655 2938 genealogIcas
1684 2857 1827 2944 regum

407 2944 581 3054 Angliae,
602 2948 727 3026 uitam
747 2943 797 3025 ab
817 2944 977 3027 Adamo
998 2944 1049 3026 ad
1071 2945 1317 3028 Edwatdum
1338 2945 1389 3044 iv,
1411 2949 1577 3033 alteram
1603 2951 1653 3033 ad
1672 2955 1824 3037 Henri-

410 3094 505 3152 cum
524 3094 562 3147 v.

342 3203 380 3262 2.
408 3177 545 3259 Roruln
568 3174 839 3256 membranaceo
853 3173 983 3283 priori
993 3172 1143 3282 strnilir,
1163 3172 1343 3258 continens
1361 3178 1527 3262 eandem
1551 3182 1826 3295 genealogiam

409 3299 461 3382 ad
480 3296 708 3380 Henricum
727 3293 782 3379 vi.

338 3614 455 3698 Codex
470 3613 758 3696 membranaceus
777 3607 934 3720 infolio,
942 3609 1063 3725 seculo
1081 3645 1149 3710 xv,
1158 3613 1339 3723 scriptus,
1358 3614 1400 3695 in
1418 3640 1483 3722 quo
1501 3615 1742 3716 continentur,

337 3736 509 3820 VARII
535 3735 896 3817 TRACTATUS
925 3740 1003 3819 DE
1031 3739 1252 3820 LAPIDE
1283 3738 1727 3840 PHILOSOPHICO,
1747 3741 1824 3828 vil.

343 3888 378 3943 1.
407 3857 643 3970 Qestiones
664 3856 784 3940 Kalid
804 3855 906 3966 regis
926 3860 977 3941 ad
997 3858 1233 3941 Morienum
1251 3862 1501 3956 Romanum,
1521 3877 1567 3971 p.
1592 3887 1627 3944 1.

279 4072 286 4095 ι
335 4006 376 4065 2.
405 3977 621 4065 Traftatus
640 3977 713 4089 qui
729 3974 889 4081 dicitur,
919 3989 947 4027 “
965 3981 1110 4063 Planta
1127 3980 1348 4074 arborem,'’
1370 3997 1410 4089 p.
1432 3979 1471 4061 6.
1559 4014 1564 4024 ·

305 4106 309 4116 ’
404 4100 578 4185 Hubetur
595 4100 655 4184 hic
668 4101 853 4184 tracturus
867 4101 911 4184 de
927 4100 1036 4184 verbo
1054 4104 1095 4185 in
1113 4102 1264 4187 verbum
1282 4102 1324 4183 in
1329 4099 1474 4210 speculo
1487 4102 1712 4186 Alchioniaer
1737 4107 1823 4190 uide
1873 4094 1876 4100 ¹

406 4252 448 4303 tn
467 4252 515 4302 ra
534 4242 602 4304 21·

435 4221 477 4331 f
1637 4355 1675 4438 3.
1704 4335 1822 4416 Prac-

337 4608 482 4691 xcv1.]
499 4609 562 4678 Ver.
576 4611 645 4676 Cot.
661 4608 699 4679 B.
715 4629 747 4679 2.
764 4607 859 4678 Mct.
876 4612 960 4697 Argi.
980 4631 1157 4701 otoo-14.

336 4703 413 4771 The
429 4705 588 4790 following
608 4719 678 4770 cort
699 4704 735 4771 of
752 4727 834 4770 arms
856 4704 885 4771 is'
904 4706 1042 4792 depitted
1066 4708 1099 4772 in
1120 4707 1175 4771 the
1194 4703 1290 4770 initial
1313 4700 1402 4770 letter
1422 4700 1462 4768 of
1478 4699 1542 4767 this
1560 4700 1729 4782 chronicle,
1751 4702 1817 4770 viz·

282 4801 449 4888 quartetly,
471 4800 531 4865 first
546 4802 606 4864 und
622 4801 727 4866 fourth
742 4823 791 4866 az.
807 4801 915 4867 frettee
928 4823 964 4867 or
977 4826 993 4867 a
1007 4801 1093 4866 chief
1109 4801 1146 4866 of
1156 4804 1210 4867 the
1224 4801 1346 4880 second,
1369 4797 1478 4864 fecond
1499 4797 1560 4861 and
1574 4797 1655 4860 third
1672 4799 1753 4862 varic
1767 4817 1818 4860 tr·

281 4910 356 4978 gent
372 4892 435 4960 and
448 4916 553 4972 acute,
575 4918 593 4960 a
608 4894 664 4962 fefs
678 4897 785 4982 gules3
808 4898 959 4984 impaling
973 4899 1139 4984 quarterty,
1151 4897 1215 4965 forst
1229 4897 1290 4963 und
1304 4895 1424 4977 fourth,
1442 4894 1522 4960 fablc
1537 4913 1555 4959 a
1569 4897 1648 4961 croft
1665 4891 1818 4981 engraited

280 5009 328 5071 or,
344 4992 452 5056 second
469 4994 528 5057 and
545 4992 639 5071 third,
653 4994 739 5080 gulos
754 5013 771 5057 a
785 4995 864 5062 croso
879 4995 995 5064 molior
1008 5008 1126 5080 argent.
1820 5043 1823 5047 -

334 5086 511 5173 xcvnt]
529 5089 593 5158 Vct.
610 5091 676 5155 Cot.
696 5087 787 5153 Mifc.
804 5111 857 5181 23.

335 5182 479 5270 XCIX.]
496 5187 559 5259 Vct.
577 5187 644 5254 cn.
661 5182 752 5255 Mite.
771 5182 818 5256 X.
