4214 5910
280 668 375 797 258
935 666 1207 761 CLXXVI.

291 800 298 879 '-
331 878 370 954 2.
399 850 576 937 Historia
595 851 720 936 brevis
741 857 780 935 T
784 852 915 936 homae
934 853 1227 963 Walsrngham,
1251 853 1427 939 Londini
1453 886 1467 940 1
1478 886 1572 968 574.

331 1003 370 1087 3.
398 973 583 1084 Ejusdem
602 975 831 1089 Ypodigma
850 975 1060 1074 Neustrioe,
1079 976 1256 1061 Londini
1282 1006 1400 1088 1574·

855 1185 1240 1303 CLXXVII.

331 1351 445 1436 codex
450 1351 593 1462 partim
608 1348 889 1434 membranaceus
895 1353 1040 1462 partim
1053 1350 1260 1435 chartaceus
1274 1350 1314 1433 in
1315 1353 1426 1464 jilr'o,
1434 1352 1553 1463 sendo
1566 1353 1638 1436 xvi
1639 1353 1821 1466 scriptus,

276 1474 318 1574 in
335 1504 401 1588 qur
419 1473 655 1571 continentur,

333 1622 369 1695 t.
397 1594 519 1689 Liber
544 1597 592 1679 de
618 1595 797 1679 moribus
822 1595 1040 1680 hominum
1058 1613 1099 1679 et
1118 1596 1259 1681 officiis
1278 1595 1457 1681 virorum
1486 1596 1688 1688 nobilium
1705 1596 1821 1707 super

276 1746 283 1757 ·
322 1742 336 1777 -·
397 1719 541 1804 ludum
560 1718 791 1804 schacorum
808 1746 930 1831 quem
954 1718 1180 1831 composuit
1202 1717 1325 1803 frater
1343 1721 1511 1806 Iacobus
1532 1723 1587 1804 -de
1604 1721 1730 1807 Cesell
1752 1719 1821 1828 [de

397 1839 569 1951 Casulis]
589 1845 638 1925 de
656 1841 796 1925 ordine
814 1844 1121 1953 predicatorum,
1137 1842 1214 1952 sil.
1232 1872 1266 1924 r.

329 1996 367 2054 2.
396 1965 557 2049 Tabula
579 1963 673 2074 [five
690 1964 828 2074 index]
851 1965 894 2047 in
912 1962 1132 2053 tractatum
1152 1965 1439 2075 precedentem,
1454 1965 1530 2074 fol.
1542 1995 1609 2074 49.

276 2142 280 2153 ·
330 2120 368 2203 3.
398 2089 547 2171 Modus
568 2105 607 2169 et
625 2086 785 2172 scientia
804 2087 889 2171 ludi
908 2087 1147 2185 scaccorum,
1163 2088 1317 2197 verſsbus
1333 2087 1528 2187 rithmicis,
1542 2089 1619 2197 jis.
1635 2115 1701 2195 50.

326 2243 368 2320 4.
398 2211 596 2316 Quaedam
635 2208 838 2312 moralitas
874 2210 923 2291 de
959 2208 1151 2291 scaccario
1185 2237 1257 2324 per
1289 2208 1504 2330 dominum
1534 2204 1820 2295 Innocentium

397 2360 558 2446 papam,
587 2334 677 2415 ibid.
1082 2362 1085 2367 ·
1439 2406 1442 2413 .

279 2539 287 2551 ,
327 2487 366 2571 5.
395 2455 574 2567 Epistola
594 2453 699 2538 beati
720 2454 908 2538 Bernardi
927 2452 1042 2566 super
1069 2481 1110 2536 re
1134 2451 1323 2537 familiari
1349 2452 1612 2562 gubernanda
1635 2451 1689 2537 ad
1709 2454 1817 2559 Ray·
1911 2464 1914 2468 ’

393 2579 595 2663 mundum
615 2576 833 2685 gratiosum
852 2596 891 2661 et
909 2576 1066 2662 felicem
1085 2576 1272 2677 militem,
1285 2577 1360 2688 fol.
1375 2603 1442 2686 5¹·

326 2707 365 2787 6.
395 2707 457 2785 De
476 2699 760 2812 dispensatione
777 2702 937 2799 domus,
952 2703 1027 2810 jol.
1043 2728 1110 2811 52.
1193 2772 1197 2781 .

274 2878 278 2886 -
325 2854 366 2939 7.
394 2824 594 2930 Qaedam
614 2822 860 2906 narrationes
878 2827 1044 2920 devotae,
1059 2825 1135 2932 sil.
1152 2849 1217 2933 53.

326 2951 365 3032 8.
394 2945 598 3031 Martinus
621 2945 928 3055 [Braccarensrs]
949 2945 998 3028 de
1015 2962 1191 3056 quatuor
1210 2941 1442 3043 virtutibus,
1456 2944 1615 3057 sol.74.

327 3103 366 3179 9.
396 3075 541 3164 Seneca
560 3071 608 3151 de
625 3067 877 3151 institutione
896 3094 1071 3167 morum,
1087 3068 1162 3178 fol.
1175 3094 1243 3177 75.

273 3245 277 3254 ·
326 3215 394 3278 ro.
424 3191 600 3275 Historia
618 3189 694 3275 srve
708 3189 846 3273 fabula
860 3191 908 3273 de
923 3189 1046 3273 nobili
1065 3189 1297 3273 marchione
1310 3187 1507 3273 Walterio
1524 3188 1694 3275 domino
1706 3210 1825 3277 terra

274 3378 278 3387 .
401 3324 404 3330 '
423 3314 684 3411 Saluciarurn,
701 3313 907 3425 quomodo
922 3312 1037 3398 duxit
1054 3312 1096 3394 in
1112 3339 1279 3397 uxorem
1294 3310 1503 3395 Grisrldem
1519 3317 1821 3425 pauperculam,

274 3490 280 3501 ,
422 3437 568 3544 eteius
595 3436 859 3524 constantiam
878 3453 918 3521 et
945 3433 1183 3546 patientiam
1210 3433 1447 3519 mirabiliter
1472 3453 1513 3517 et
1539 3436 1683 3521 acriter
1707 3466 1821 3522 com·

424 3560 608 3672 probavit
621 3599 633 3658 ;
662 3587 785 3671 quam
815 3559 864 3640 de
890 3558 1046 3667 vulgari
1073 3557 1253 3641 sermone
1278 3556 1528 3642 Saluciarum
1555 3559 1601 3641 in
1624 3560 1820 3646 Latinum

423 3683 624 3766 transtulit
645 3687 698 3765 D.
711 3679 941 3764 Franciscus
961 3680 1185 3779 Petcarcha,
1201 3681 1278 3792 sol.
1290 3683 1357 3790 76.

334 3833 395 3890 rr.
425 3803 641 3890 Trauatus
660 3809 707 3889 B.
720 3802 920 3888 Ambrosri
940 3801 1220 3916 archiepiscopi
1246 3805 1296 3885 de
1322 3801 1497 3888 honestis
1522 3822 1563 3887 et
1588 3799 1703 3912 justis
1730 3832 1822 3889 mo-

425 3929 551 4026 ribus,
566 3931 642 4039 fol.
658 3929 723 4013 80.

333 4079 396 4139 12.
424 4051 638 4137 Meditatio
649 4049 839 4148 Anselmi,
859 4050 967 4134 unde
985 4048 1095 4132 vivat
1109 4047 1259 4148 anima,
1279 4063 1319 4131 et
1337 4048 1445 4131 unde
1463 4044 1571 4133 vivat
1589 4075 1699 4151 caro,
1715 4065 1758 4132 et
1774 4049 1824 4130 de

425 4174 553 4287 gloria
586 4175 703 4259 bonae
735 4173 883 4257 animae
916 4190 955 4255 et
984 4174 1033 4255 de
1062 4170 1295 4256 infelicitate
1326 4173 1442 4256 malae
1475 4170 1620 4263 animae
1656 4172 1825 4284 quando

424 4318 573 4382 exeunt
595 4323 814 4408 acorpore,
831 4296 907 4408 sos.
921 4296 986 4378 81.

334 4451 397 4533 13.
426 4421 709 4506 Meditationes
730 4424 776 4503 B.
789 4417 980 4517 Anselmi,
1008 4416 1103 4502 ibid.

1648 4566 1712 4646 ¹4·
1740 4540 1825 4623 Ex·

327 4836 551 4926 ctxxvu.]
567 4843 631 4913 Ver.
648 4843 714 4906 Car.
732 4838 774 4906 ll.
791 4860 823 4923 4.
842 4835 939 4905 MSS.
957 4837 1043 4922 Argl.
1064 4836 1246 4926 1362-85.

327 4943 383 5031 d]
400 4944 470 5021 Vale
482 4942 696 5013 CCCCXLl.
718 4966 730 5010 r
736 4962 768 5029 5.
782 4940 1022 5009 CCCCXXX.
1042 4963 1072 5008 1.

329 5050 380 5137 9.]
394 5045 466 5120 rto
480 5046 666 5116 CCCXVI.
687 5068 736 5135 ¹7·
755 5045 967 5114 CCCCXLI.
991 5067 1042 5134 13.

332 5151 401 5236 rm]
415 5152 484 5224 na
497 5150 701 5220 CCLXXV.
721 5172 771 5236 14.
788 5149 1034 5219 CCCCLVssl.
1052 5172 1084 5238 3.

332 5256 401 5349 ι3.]
418 5256 488 5330 Vale
500 5255 622 5327 CLIV.
639 5276 695 5347 ²3·
710 5253 815 5324 CLV.
833 5277 884 5344 ¹⁵·
899 5253 1156 5329 CCLXXXIV.
1176 5277 1206 5328 t.
1221 5252 1346 5326 Lxm
1364 5259 1396 5330 ri
