4214 5910
400 662 467 756 60
1064 647 1312 746 LXXXV.

446 833 640 921 Iohannis
673 828 985 947 [Friburgenfis]
1021 831 1181 916 lectoris
1207 828 1415 942 speculum
1445 830 1522 918 five
1550 832 1708 925 summa
1740 841 1943 934 confetsoa

393 984 499 1061 ‘⁰⁰¹'
519 957 659 1044 Μ’
982 1066 1340 1186 Lxxxvn

423 1191 424 1196 .
445 1233 566 1316 Codex
581 1231 867 1343 membranaceus
885 1231 1043 1339 infolio,
1049 1229 1172 1338 seculo
1188 1222 1436 1341 xii'scriptus,
1455 1229 1497 1314 in
1514 1261 1582 1342 quo
1599 1225 1819 1337 continetur,

444 1353 606 1437 Rabani
626 1353 800 1461 [Mauri]
821 1350 1014 1463 expohtio
1032 1349 1149 1460 super
1166 1349 1420 1462 evangelium
1440 1353 1645 1457 Matthaei,
1663 1354 1732 1440 lib.
1753 1357 1835 1445 viii,

446 1485 474 1523 “
491 1472 613 1560 Liber
630 1477 777 1559 Soada
794 1473 943 1559 Moriae
959 1469 1184 1555 Rieoallis.’'
1254 1543 1260 1558 ,

963 1668 1359 1784 LXXXVII.

443 1824 563 1908 Codex
579 1825 868 1909 membranaceos
887 1823 1045 1936 infolio,
1053 1825 1176 1936 stculo
1192 1825 1272 1907 xiii
1288 1837 1476 1919 exaratus,
1496 1822 1621 1931 inquo
1641 1826 1860 1932 continetur,

440 1945 607 2030 Radulfi
626 1944 816 2031 monachi
834 1944 1094 2029 Flaviacenfis
1113 1944 1307 2057 expofitio
1326 1944 1371 2027 in
1390 1941 1631 2045 Leviticum,
1649 1943 1721 2030 lib.
1740 1974 1807 2033 xx.

942 2145 1371 2263 LXXXVIII.

440 2299 558 2385 Codex
575 2300 863 2384 membranaceus
879 2304 1036 2414 instolio,
1044 2305 1167 2413 ficulo
1184 2303 1411 2414 inscriptus,
1432 2302 1474 2383 in
1491 2328 1557 2409 quo
1575 2303 1794 2406 continetur,

440 2419 632 2506 claudius
651 2423 838 2506 Clemens
856 2422 1048 2536 preibiter
1064 2423 1109 2507 in
1127 2422 1379 2534 evangelium
1399 2419 1603 2518 Matthaei,
1622 2421 1693 2507 lib.
1711 2422 1770 2507 iii.

968 2627 1345 2746 LXXXIX.

438 2777 557 2862 Codex
575 2778 862 2863 membranaceus
880 2783 1040 2897 infolio,
1046 2786 1168 2895 seculo
1186 2785 1256 2864 xiv
1263 2785 1444 2896 scriptus,
1464 2778 1506 2861 in
1524 2805 1591 2889 quo
1608 2780 1828 2878 continetur,

435 2897 644 3010 Expositio
673 2901 835 2983 moralis
867 2905 1060 3016 Stephani
1087 2907 1136 2988 de
1166 2907 1407 3014 Langetune
1436 2897 1716 3012 archiepiscopi
1748 2903 1932 2985 Cantua·⁸

382 3016 516 3102 rienfis
544 3018 589 3103 in
613 3022 843 3128 Jeremiam,
871 3024 1216 3123 Lamentationes,
1244 3023 1444 3123 Ezechiel,
1473 3018 1655 3120 Esdram,
1684 3019 1929 3106 Nehemiam

381 3158 422 3224 et
441 3145 542 3225 duos
561 3142 683 3225 libros
704 3144 1074 3231 Macchabaeorum.

436 3274 464 3311 “
482 3263 603 3347 Liber
620 3265 768 3348 Sentice
785 3268 933 3350 Morio
950 3269 993 3351 de
1011 3270 1233 3378 Cogeshale.”

434 3607 551 3691 Codex
568 3608 855 3693 membranaceus
873 3613 1031 3722 infhlio,
1039 3613 1162 3724 stculo
1180 3641 1235 3695 xv
1243 3610 1423 3722 scriptus,
1445 3609 1487 3693 in
1504 3640 1571 3721 quo
1588 3608 1807 3707 continetur,

403 3768 407 3777 ι
434 3730 609 3812 Thomae
626 3733 800 3813 Walden
820 3734 1035 3818 carmelitae
1054 3732 1274 3818 dostrinale
1293 3731 1550 3836 ecclefiaestoe
1569 3730 1763 3813 trachatus
1783 3746 1927 3817 contra

378 3850 528 3992 hereses
547 3851 710 3936 Ioannis
725 3851 887 3935 Wicliff
898 3871 937 3938 et
956 3854 1120 3938 Ioannis
1140 3854 1382 3937 Ouldcastell
1400 3853 1451 3936 ad
1469 3850 1698 3935 Martinum
1717 3877 1866 3963 papam
1885 3881 1925 3950 v,

379 3975 611 4182 llbIrivlitoo
629 4093 777 4176 initiali
791 4093 916 4203 primi
933 4095 1026 4178 libri
1043 4095 1258 4207 depingitur
1276 4093 1405 4204 effigies
1423 4093 1564 4175 autoris
1583 4087 1764 4202 offerentis
1788 4089 1928 4178 librum

367 4220 479 4328 ficum
493 4215 646 4329 genibus
650 4216 766 4327 flexis
772 4216 914 4324 sternrno
924 4218 1119 4329 pontefici:
1148 4216 1272 4328 desunt
1277 4217 1349 4325 sex
1366 4217 1493 4326 capito
1510 4213 1603 4298 libri
1618 4213 1765 4417 9ιὲἕί
1808 4331 1928 4418 cmx

433 4624 646 4707 LXXXVI]
663 4627 726 4696 Ver.
742 4630 808 4693 Cot.
824 4624 876 4691 Μ.
892 4648 925 4709 4.
940 4628 1039 4697 MSS.
1054 4629 1138 4712 Angl.
1159 4649 1360 4716 1420-143.

431 4720 659 4803 LXXXVII]
675 4723 739 4792 Vct.
754 4724 824 4786 Cot.
840 4719 891 4786 M.
909 4744 938 4809 7.
955 4721 1054 4790 MSS.
1071 4723 1155 4806 Angl.
1174 4744 1363 4810 1424··147·

430 4816 676 4900 LXXXVIII]
692 4818 755 4888 Vct.
771 4817 904 4907 ConlM.
922 4840 952 4906 5.
970 4817 1068 4886 MSS.
1085 4821 1171 4901 Angl.
1192 4820 1389 4904 1418-141.

433 4911 646 4996 LXXXIX]
662 4913 725 4982 Vct.
742 4913 807 4978 Cot.
825 4911 874 4978 Μ.
893 4914 922 4981 8.
939 4916 1035 4985 MSS.
1051 4914 1136 4998 Angl.
1155 4936 1345 5004 1422··145.

430 5008 642 5091 Lxxxlx.]
659 5009 728 5078 Vnde
742 5007 869 5073 XXXI.
886 5008 959 5076 LV.
975 5009 1095 5077 LVIII.
1113 5009 1233 5078 CCIV.

433 5102 527 5190 XO]
542 5102 606 5178 to.
621 5106 688 5173 Cot.
703 5102 754 5174 Μ.
771 5125 802 5194 3·
817 5105 915 5175 MSS.
929 5106 1014 5192 Angl.
1034 5125 1226 5194 1419··142.
