4214 5910
944 639 1118 747 CCVI.
1163 656 1165 658 ’
1735 655 1829 778 283

342 852 380 939 5.
409 823 522 917 Idam
540 824 591 917 ad
610 823 835 917 Iohannem
854 819 1087 909 Diaconum
1118 838 1258 907 utrum
1289 841 1400 934 pater
1426 840 1465 907 et
1486 825 1591 912 filius
1614 844 1655 916 ct
1673 828 1834 945 spiritus

266 971 275 989 ⁴
408 945 568 1043 sandius
587 949 636 1037 de
653 944 863 1038 divinitate
884 943 1192 1031 substantialiter
1211 945 1409 1029 dicantur.

339 1068 380 1160 6.
410 1068 522 1161 ldem
542 1068 782 1161 adeundam
801 1066 1010 1176 quomodo
1024 1063 1253 1150 substantiae
1272 1066 1315 1149 in
1331 1094 1379 1146 eo
1398 1070 1508 1178 quod
1529 1071 1605 1155 lint
1627 1071 1743 1155 bonae
1759 1073 1835 1156 srnt

409 1210 449 1271 et
468 1218 553 1271 non
573 1188 650 1273 sint
668 1186 976 1283 substantialiter
997 1187 1118 1277 bona.

338 1335 379 1419 7.
408 1309 596 1418 Ejusdem
625 1309 725 1403 liber
749 1310 932 1401 adversos
952 1306 1185 1402 Nestorium
1208 1325 1247 1390 et
1267 1309 1466 1393 Eutichen
1496 1341 1571 1424 pro
1601 1316 1768 1427 persona
1788 1345 1832 1402 ac

355 1514 358 1519 .
408 1451 555 1515 natura
577 1431 762 1541 [Christi]
786 1431 955 1514 domino
974 1428 1113 1514 sancho
1133 1457 1178 1512 ac
1197 1428 1414 1512 venerabili
1435 1435 1538 1542 patri
1559 1434 1757 1521 Diacono.

342 1547 378 1630 8.
407 1551 628 1636 Dialecfica
647 1552 785 1662 magni
804 1549 1069 1661 Karolitegis
1088 1551 1138 1633 ad
1158 1549 1359 1633 Albinum
1380 1553 1615 1660 magistrum
1637 1558 1766 1643 sunm.

340 1697 379 1776 9.
408 1671 630 1762 Dialecliea
658 1670 874 1783 Augustini
910 1698 1035 1784 quam
1069 1668 1165 1759 fecit
1203 1670 1255 1753 ad
1287 1668 1580 1763 instituendum
1609 1664 1746 1766 ‘filium
1783 1687 1832 1767 ad

410 1793 686 1876 Theodatium
705 1795 836 1878 suum.

406 1919 454 2002 Io
479 1915 543 1999 hoc
570 1916 687 2003 codice
707 1913 885 2026 plurimo
911 1932 1108 1998 occurrunt
1133 1911 1252 2022 gloffic
1280 1913 1535 2005 interlineares
1561 1936 1599 2003 ot
1626 1940 1721 2007 nota
1742 1924 1833 2034 ejas-

380 2037 594 2145 ””””””
932 2172 1175 2293 ccvn.

290 2438 297 2451 ‚
333 2339 454 2431 Codex
470 2343 682 2425 chartaceus
700 2340 742 2435 io
750 2335 988 2447 soliofi’culo
1009 2340 1081 2422 xvi
1086 2339 1268 2450 scriptos,
1289 2342 1330 2423 in
1348 2370 1415 2450 quo
1432 2346 1677 2445 continentur,

327 2490 375 2580 Ιι.
404 2463 594 2581 Epistola
616 2459 757 2577 Cyrilli
776 2456 1041 2546 Alexandrini
1060 2478 1100 2543 et
1120 2461 1293 2544 aliorum
1315 2465 1364 2545 ad
1383 2464 1515 2553 illum.
1691 2482 1694 2489 '

336 2606 376 2666 2.
405 2585 535 2695 Hugo
554 2581 798 2666 Etherianus
817 2581 866 2660 de
883 2578 1126 2692 processione
1145 2580 1307 2692 spiritus
1327 2582 1465 2670 sanai.

330 2777 336 2797 ,
405 2703 611 2788 Adduntur
629 2701 814 2812 adfinem,
839 2697 1029 2809 Epistola
1049 2699 1239 2818 Hugonis
1260 2706 1310 2784 ad
1331 2705 1604 2790 Alexandrum
1627 2726 1833 2822 papamet

402 2823 673 2939 patriarcham
692 2819 887 2906 Antiochi
907 2836 947 2901 et
966 2818 1236 2931 responsiones
1256 2822 1422 2910 illorum
1443 2828 1492 2909 de
1513 2829 1590 2912 hoc
1610 2831 1727 2914 libro.

335 2975 377 3062 3.
406 2947 641 3035 Ambrolius
661 2945 710 3028 de
728 2941 971 3057 procellione
989 2939 1149 3053 spiritus
1168 2941 1309 3028 foniti.
1467 3056 1470 3062 .

919 3124 1192 3249 CCVIII.
1228 3241 1233 3252 .

335 3286 683 3380 Codex'chartoctus
700 3292 742 3375 in
747 3290 859 3400 folio,
869 3292 990 3402 stralo
1008 3291 1083 3373 xvi
1088 3294 1269 3402 scriptus,
1289 3291 1471 3376 continens

334 3413 636 3505 commentaire
656 3413 722 3495 sur
741 3411 894 3522 l'epitre
915 3440 996 3494 aux
1015 3411 1228 3497 Romains.

331 3540 400 3622 Ad
424 3539 577 3620 initium
603 3535 736 3618 codicis
765 3538 918 3615 “Anno
938 3533 1097 3615 Domini
1120 3535 1224 3642 1588
1255 3537 1354 3645 Sept.
1376 3533 1438 3617 18.
1468 3536 1656 3621 Henrictcs
1673 3540 1833 3626 Addrich

278 3673 306 3713 “
325 3662 425 3745 dedit
442 3661 585 3770 collegio
605 3655 778 3767 Corporis
797 3655 935 3762 coristi
957 3657 1000 3739 in
1019 3656 1268 3768 Cantabrigio
1295 3656 1338 3738 in
1357 3656 1496 3741 minore
1514 3657 1730 3746 bibliotheca
1742 3666 1832 3776 ser-

278 3796 307 3835 “
325 3786 525 3869 vandum.'’
1376 3816 1379 3821 ·

333 3909 404 3995 Ad
403 3910 521 4021 finem
540 3917 567 3957 “
585 3890 651 3990 Ex
668 3902 753 3986 dono
772 3903 826 3985 A.
841 3902 889 3982 R.
906 3898 1097 3981 Cevolerii
1112 3899 1251 4011 linguae
1268 3900 1470 3985 Hebraico
1479 3903 1691 4017 prosefflro't
1712 3935 1729 3990 t
1736 3934 1831 4022 572.

332 4251 449 4335 Codex
466 4249 755 4333 membranaceus
772 4244 930 4355 infolio,
938 4247 1062 4356 seculo
1076 4243 1335 4358 conscriptos,
1355 4245 1398 4329 io
1413 4274 1483 4360 qut
1497 4248 1760 4353 contiacum,-

339 4402 373 4457 1.
403 4373 513 4459 Petri
533 4370 754 4457 Lombanli
772 4367 1076 4470 sententiarum,
1095 4366 1168 4459 lib.
1181 4365 1237 4452 iv.
1440 4395 1444 4401 ·

1663 4430 1828 4577 ’2.10·

331 4774 488 4863 ccvfl.]
504 4775 558 4844 Vct
573 4776 640 4840 Cot.
655 4773 728 4842 Lib.
745 4776 785 4839 ab
799 4775 852 4840 Al.
869 4776 901 4842 6.

330 4871 505 4954 ccvnn]
523 4871 586 4939 Vct.
601 4873 668 4938 Cot.
685 4869 759 4936 Lib.
773 4871 815 4934 ab
827 4871 881 4942 Al.
898 4889 929 4958 ς.
944 4869 1042 4942 MSS.
1055 4869 1142 4954 Angl.
1161 4868 1365 4962 1649-382.

287 4982 292 4991 '
330 4967 471 5052 cclx]
488 4967 551 5037 Vct.
568 4968 636 5033 Cot.
651 4966 726 5034 Lib.
740 4969 781 5034 ah
797 4965 849 5035 Al.
868 4986 920 5036 to.

335 5065 383 5150 10]
399 5066 470 5136 Vide
483 5062 695 5133 CCCCLXI·
711 5083 744 5134 2·
771 5124 780 5138 .
840 5098 842 5103 ’

974 5148 1115 5236 N'nt
1224 5271 1230 5283 1
