<?xml version="1.0" encoding="UTF-8"?>
<!DOCTYPE html PUBLIC "-//W3C//DTD XHTML 1.0 Transitional//EN"
    "http://www.w3.org/TR/xhtml1/DTD/xhtml1-transitional.dtd">
<html xmlns="http://www.w3.org/1999/xhtml" xml:lang="en" lang="en">
 <head>
  <title>
</title>
<meta http-equiv="Content-Type" content="text/html;charset=utf-8" />
  <meta name='ocr-system' content='tesseract 3.04.00' />
  <meta name='ocr-capabilities' content='ocr_page ocr_carea ocr_par ocr_line ocrx_word'/>
</head>
<body>
  <div class='ocr_page' id='page_1' title='image "./cataloguslibror00librgoog_0097.png"; bbox 0 0 4214 5910; ppageno 0'>
   <div class='ocr_carea' id='block_1_1' title="bbox 105 663 1135 765">
    <p class='ocr_par' dir='ltr' id='par_1_1' title="bbox 105 663 1135 765">
     <span class='ocr_line' id='line_1_1' title="bbox 105 663 1135 765; baseline -0.007 -1"><span class='ocrx_word' id='word_1_1' title='bbox 105 664 110 671; x_wconf 71' lang='grc'><strong>’</strong></span> <span class='ocrx_word' id='word_1_2' title='bbox 280 674 340 765; x_wconf 71' lang='lat' dir='ltr'>bi</span> <span class='ocrx_word' id='word_1_3' title='bbox 738 715 740 719; x_wconf 94' lang='lat'>·</span> <span class='ocrx_word' id='word_1_4' title='bbox 1005 663 1135 758; x_wconf 84' lang='lat' dir='ltr'><strong>CVI.</strong></span> 
     </span>
    </p>
   </div>
   <div class='ocr_carea' id='block_1_2' title="bbox 229 848 1825 5095">
    <p class='ocr_par' dir='ltr' id='par_1_2' title="bbox 278 848 1825 1082">
     <span class='ocr_line' id='line_1_2' title="bbox 278 848 1825 966; baseline 0.001 -30"><span class='ocrx_word' id='word_1_5' title='bbox 278 867 305 901; x_wconf 89' lang='lat'><strong>“</strong></span> <span class='ocrx_word' id='word_1_6' title='bbox 326 853 467 936; x_wconf 76' lang='lat' dir='ltr'>cellarii</span> <span class='ocrx_word' id='word_1_7' title='bbox 477 852 541 935; x_wconf 86' lang='lat' dir='ltr'>vel</span> <span class='ocrx_word' id='word_1_8' title='bbox 544 866 792 960; x_wconf 80' lang='lat' dir='ltr'>procuratores</span> <span class='ocrx_word' id='word_1_9' title='bbox 803 851 866 933; x_wconf 78' lang='lat' dir='ltr'>oe!</span> <span class='ocrx_word' id='word_1_10' title='bbox 874 869 1053 933; x_wconf 80' lang='lat' dir='ltr'>taxatores</span> <span class='ocrx_word' id='word_1_11' title='bbox 1053 848 1191 959; x_wconf 81' lang='lat' dir='ltr'>futuri</span> <span class='ocrx_word' id='word_1_12' title='bbox 1191 848 1283 958; x_wconf 81' lang='lat' dir='ltr'><em>strnt</em></span> <span class='ocrx_word' id='word_1_13' title='bbox 1294 849 1337 932; x_wconf 83' lang='lat' dir='ltr'>in</span> <span class='ocrx_word' id='word_1_14' title='bbox 1348 850 1489 959; x_wconf 71' lang='lat' dir='ltr'>collegio</span> <span class='ocrx_word' id='word_1_15' title='bbox 1506 853 1671 962; x_wconf 76' lang='lat' dir='ltr'>Corporis</span> <span class='ocrx_word' id='word_1_16' title='bbox 1685 854 1825 966; x_wconf 77' lang='lat' dir='ltr'>Christi</span> 
     </span>
     <span class='ocr_line' id='line_1_3' title="bbox 281 970 1281 1082; baseline -0.006 -24"><span class='ocrx_word' id='word_1_17' title='bbox 281 986 306 1021; x_wconf 78' lang='lat'>‘⁴</span> <span class='ocrx_word' id='word_1_18' title='bbox 324 974 500 1058; x_wconf 60' lang='lat' dir='ltr'>mucor.</span> <span class='ocrx_word' id='word_1_19' title='bbox 519 992 561 1055; x_wconf 77' lang='lat' dir='ltr'>ut</span> <span class='ocrx_word' id='word_1_20' title='bbox 577 1003 621 1056; x_wconf 85' lang='lat' dir='ltr'>ex</span> <span class='ocrx_word' id='word_1_21' title='bbox 637 973 739 1055; x_wconf 75' lang='lat' dir='ltr'><em>rebus</em></span> <span class='ocrx_word' id='word_1_22' title='bbox 752 973 856 1081; x_wconf 79' lang='lat' dir='ltr'><em>gestis</em></span> <span class='ocrx_word' id='word_1_23' title='bbox 872 973 939 1081; x_wconf 77' lang='lat' dir='ltr'>ipſs</span> <span class='ocrx_word' id='word_1_24' title='bbox 954 971 1097 1082; x_wconf 74' lang='lat' dir='ltr'>aliquid</span> <span class='ocrx_word' id='word_1_25' title='bbox 1100 970 1281 1080; x_wconf 80' lang='lat' dir='ltr'>judicent.</span> 
     </span>
    </p>

    <p class='ocr_par' dir='ltr' id='par_1_3' title="bbox 305 1095 1054 1204">
     <span class='ocr_line' id='line_1_4' title="bbox 305 1095 1054 1204; baseline -0.007 -23"><span class='ocrx_word' id='word_1_26' title='bbox 305 1095 308 1101; x_wconf 59' lang='grc'><em>’</em></span> <span class='ocrx_word' id='word_1_27' title='bbox 333 1097 402 1180; x_wconf 74' lang='lat' dir='ltr'>Ad</span> <span class='ocrx_word' id='word_1_28' title='bbox 408 1098 584 1204; x_wconf 61' lang='lat' dir='ltr'>pagam</span> <span class='ocrx_word' id='word_1_29' title='bbox 606 1121 668 1201; x_wconf 83' lang='lat'>51.</span> <span class='ocrx_word' id='word_1_30' title='bbox 687 1095 746 1175; x_wconf 76' lang='lat' dir='ltr'>hic</span> <span class='ocrx_word' id='word_1_31' title='bbox 764 1096 901 1177; x_wconf 83' lang='lat' dir='ltr'>occurit</span> <span class='ocrx_word' id='word_1_32' title='bbox 915 1096 1054 1190; x_wconf 76' lang='lat' dir='ltr'>titulus,</span> 
     </span>
    </p>

    <p class='ocr_par' dir='ltr' id='par_1_4' title="bbox 334 1214 1815 1329">
     <span class='ocr_line' id='line_1_5' title="bbox 334 1214 1815 1329; baseline 0.003 -31"><span class='ocrx_word' id='word_1_33' title='bbox 334 1229 363 1265; x_wconf 88' lang='lat'><strong>“</strong></span> <span class='ocrx_word' id='word_1_34' title='bbox 384 1218 504 1299; x_wconf 82' lang='lat' dir='ltr'>Liber</span> <span class='ocrx_word' id='word_1_35' title='bbox 518 1246 638 1296; x_wconf 75' lang='lat' dir='ltr'>rurum</span> <span class='ocrx_word' id='word_1_36' title='bbox 657 1215 933 1297; x_wconf 60' lang='lat' dir='ltr'>remorabilr&#39;om</span> <span class='ocrx_word' id='word_1_37' title='bbox 948 1235 984 1297; x_wconf 82' lang='lat' dir='ltr'>et</span> <span class='ocrx_word' id='word_1_38' title='bbox 999 1216 1192 1297; x_wconf 82' lang='lat' dir='ltr'>literarum</span> <span class='ocrx_word' id='word_1_39' title='bbox 1208 1215 1260 1297; x_wconf 83' lang='lat' dir='ltr'>ad</span> <span class='ocrx_word' id='word_1_40' title='bbox 1272 1214 1515 1299; x_wconf 74' lang='lat' dir='ltr'>achodrmr&#39;om</span> <span class='ocrx_word' id='word_1_41' title='bbox 1535 1218 1815 1329; x_wconf 76' lang='lat' dir='ltr'>Cantabrigien·</span> 
     </span>
    </p>

    <p class='ocr_par' dir='ltr' id='par_1_5' title="bbox 283 1337 1816 1453">
     <span class='ocr_line' id='line_1_6' title="bbox 283 1337 1816 1453; baseline 0.002 -33"><span class='ocrx_word' id='word_1_42' title='bbox 283 1353 309 1388; x_wconf 88' lang='lat'><strong>“</strong></span> <span class='ocrx_word' id='word_1_43' title='bbox 317 1342 394 1453; x_wconf 82' lang='lat' dir='ltr'>sem</span> <span class='ocrx_word' id='word_1_44' title='bbox 410 1338 681 1447; x_wconf 83' lang='lat' dir='ltr'>pertinentium,</span> <span class='ocrx_word' id='word_1_45' title='bbox 705 1337 885 1418; x_wconf 83' lang='lat' dir='ltr'>inchoatus</span> <span class='ocrx_word' id='word_1_46' title='bbox 902 1367 992 1419; x_wconf 85' lang='lat' dir='ltr'>anno</span> <span class='ocrx_word' id='word_1_47' title='bbox 1010 1340 1116 1444; x_wconf 83' lang='lat' dir='ltr'><em>regni</em></span> <span class='ocrx_word' id='word_1_48' title='bbox 1132 1337 1316 1418; x_wconf 82' lang='lat' dir='ltr'>Edwardi</span> <span class='ocrx_word' id='word_1_49' title='bbox 1334 1340 1401 1434; x_wconf 89' lang='lat' dir='ltr'>VI,</span> <span class='ocrx_word' id='word_1_50' title='bbox 1423 1340 1505 1420; x_wconf 85' lang='lat' dir='ltr'>Dei</span> <span class='ocrx_word' id='word_1_51' title='bbox 1517 1341 1651 1447; x_wconf 82' lang='lat' dir='ltr'>gratia</span> <span class='ocrx_word' id='word_1_52' title='bbox 1665 1344 1816 1449; x_wconf 76' lang='lat' dir='ltr'><em>Anglia</em></span> 
     </span>
    </p>

    <p class='ocr_par' dir='ltr' id='par_1_6' title="bbox 271 1459 1817 2059">
     <span class='ocr_line' id='line_1_7' title="bbox 271 1459 1814 1573; baseline 0.001 -31"><span class='ocrx_word' id='word_1_53' title='bbox 271 1473 311 1559; x_wconf 83' lang='lat'>.“</span> <span class='ocrx_word' id='word_1_54' title='bbox 330 1462 500 1543; x_wconf 56' lang='lat' dir='ltr'>aanor</span> <span class='ocrx_word' id='word_1_55' title='bbox 520 1479 555 1540; x_wconf 78' lang='lat' dir='ltr'>et</span> <span class='ocrx_word' id='word_1_56' title='bbox 573 1459 764 1541; x_wconf 72' lang='lat' dir='ltr'>fflomia</span> <span class='ocrx_word' id='word_1_57' title='bbox 785 1461 894 1568; x_wconf 81' lang='lat' dir='ltr'>regis,</span> <span class='ocrx_word' id='word_1_58' title='bbox 908 1459 1000 1569; x_wconf 79' lang='lat' dir='ltr'>fidei</span> <span class='ocrx_word' id='word_1_59' title='bbox 1023 1459 1222 1570; x_wconf 56' lang='lat' dir='ltr'>defensoris,</span> <span class='ocrx_word' id='word_1_60' title='bbox 1252 1477 1287 1540; x_wconf 75' lang='lat' dir='ltr'>rt</span> <span class='ocrx_word' id='word_1_61' title='bbox 1312 1459 1354 1541; x_wconf 79' lang='lat' dir='ltr'>in</span> <span class='ocrx_word' id='word_1_62' title='bbox 1377 1460 1487 1540; x_wconf 60' lang='lat' dir='ltr'>tenes</span> <span class='ocrx_word' id='word_1_63' title='bbox 1514 1462 1659 1568; x_wconf 78' lang='lat' dir='ltr'>ecrsefiae</span> <span class='ocrx_word' id='word_1_64' title='bbox 1675 1467 1814 1573; x_wconf 70' lang='lat' dir='ltr'>Angli·</span> 
     </span>
     <span class='ocr_line' id='line_1_8' title="bbox 280 1579 1812 1696; baseline 0.001 -32"><span class='ocrx_word' id='word_1_65' title='bbox 280 1594 308 1647; x_wconf 81' lang='lat'>‘-‘</span> <span class='ocrx_word' id='word_1_66' title='bbox 324 1610 427 1664; x_wconf 79' lang='lat' dir='ltr'>caoae</span> <span class='ocrx_word' id='word_1_67' title='bbox 439 1600 478 1663; x_wconf 73' lang='lat' dir='ltr'>et</span> <span class='ocrx_word' id='word_1_68' title='bbox 490 1580 684 1662; x_wconf 80' lang='lat' dir='ltr'><em>Hibernia</em></span> <span class='ocrx_word' id='word_1_69' title='bbox 694 1581 768 1690; x_wconf 64' lang='lat' dir='ltr'>pos</span> <span class='ocrx_word' id='word_1_70' title='bbox 783 1581 960 1690; x_wconf 72' lang='lat' dir='ltr'>(brussum</span> <span class='ocrx_word' id='word_1_71' title='bbox 978 1581 1289 1691; x_wconf 76' lang='lat' dir='ltr'>rapitisfirpremi,</span> <span class='ocrx_word' id='word_1_72' title='bbox 1296 1579 1475 1689; x_wconf 77' lang='lat' dir='ltr'>secondo:</span> <span class='ocrx_word' id='word_1_73' title='bbox 1497 1584 1706 1666; x_wconf 79' lang='lat' dir='ltr'>cancellario</span> <span class='ocrx_word' id='word_1_74' title='bbox 1723 1586 1812 1696; x_wconf 88' lang='lat' dir='ltr'><em>ejus·</em></span> 
     </span>
     <span class='ocr_line' id='line_1_9' title="bbox 281 1701 1813 1814; baseline 0.001 -29"><span class='ocrx_word' id='word_1_75' title='bbox 281 1715 308 1773; x_wconf 71' lang='lat'>1‘</span> <span class='ocrx_word' id='word_1_76' title='bbox 328 1703 403 1785; x_wconf 77' lang='lat' dir='ltr'>dem</span> <span class='ocrx_word' id='word_1_77' title='bbox 427 1701 642 1784; x_wconf 65' lang='lat' dir='ltr'>aboleuiae</span> <span class='ocrx_word' id='word_1_78' title='bbox 657 1703 842 1784; x_wconf 73' lang='lat' dir='ltr'>Eduardo</span> <span class='ocrx_word' id='word_1_79' title='bbox 864 1701 950 1784; x_wconf 76' lang='lat' dir='ltr'>duce</span> <span class='ocrx_word' id='word_1_80' title='bbox 967 1703 1183 1814; x_wconf 83' lang='lat' dir='ltr'>Somersetiae</span> <span class='ocrx_word' id='word_1_81' title='bbox 1203 1703 1339 1784; x_wconf 82' lang='lat' dir='ltr'>domino</span> <span class='ocrx_word' id='word_1_82' title='bbox 1354 1707 1564 1810; x_wconf 61' lang='lat' dir='ltr'>metiore,</span> <span class='ocrx_word' id='word_1_83' title='bbox 1586 1708 1813 1813; x_wconf 83' lang='lat' dir='ltr'>pro-cancel·</span> 
     </span>
     <span class='ocr_line' id='line_1_10' title="bbox 279 1818 1817 1935; baseline 0.003 -30"><span class='ocrx_word' id='word_1_84' title='bbox 279 1835 306 1872; x_wconf 88' lang='lat'><strong>“</strong></span> <span class='ocrx_word' id='word_1_85' title='bbox 325 1825 418 1906; x_wconf 85' lang='lat' dir='ltr'>lario</span> <span class='ocrx_word' id='word_1_86' title='bbox 435 1823 599 1905; x_wconf 82' lang='lat' dir='ltr'>Mattheo</span> <span class='ocrx_word' id='word_1_87' title='bbox 613 1826 772 1920; x_wconf 86' lang='lat' dir='ltr'><em>Parker,</em></span> <span class='ocrx_word' id='word_1_88' title='bbox 785 1824 1077 1932; x_wconf 83' lang='lat' dir='ltr'><em>procuratoribus</em></span> <span class='ocrx_word' id='word_1_89' title='bbox 1095 1818 1228 1906; x_wconf 77' lang='lat' dir='ltr'>Thomu</span> <span class='ocrx_word' id='word_1_90' title='bbox 1242 1827 1422 1920; x_wconf 73' lang='lat' dir='ltr'>Burman,</span> <span class='ocrx_word' id='word_1_91' title='bbox 1438 1825 1651 1935; x_wconf 68' lang='lat' dir='ltr'>Chrssqfero</span> <span class='ocrx_word' id='word_1_92' title='bbox 1664 1830 1817 1927; x_wconf 69' lang='lat' dir='ltr'>Carteil,</span> 
     </span>
     <span class='ocr_line' id='line_1_11' title="bbox 279 1945 1548 2059; baseline -0.005 -27"><span class='ocrx_word' id='word_1_93' title='bbox 279 1955 306 1991; x_wconf 78' lang='lat'>‘⁸</span> <span class='ocrx_word' id='word_1_94' title='bbox 324 1946 509 2031; x_wconf 59' lang='lat' dir='ltr'>maudo</span> <span class='ocrx_word' id='word_1_95' title='bbox 521 1946 717 2059; x_wconf 62' lang='lat' dir='ltr'>Gryrdala</span> <span class='ocrx_word' id='word_1_96' title='bbox 736 1946 920 2029; x_wconf 62' lang='lat' dir='ltr'>Eduardo</span> <span class='ocrx_word' id='word_1_97' title='bbox 937 1947 1122 2058; x_wconf 71' lang='lat' dir='ltr'>Gasarpm,</span> <span class='ocrx_word' id='word_1_98' title='bbox 1141 1974 1234 2029; x_wconf 80' lang='lat' dir='ltr'>ormo</span> <span class='ocrx_word' id='word_1_99' title='bbox 1252 1946 1409 2029; x_wconf 78' lang='lat' dir='ltr'><em>Domini</em></span> <span class='ocrx_word' id='word_1_100' title='bbox 1431 1945 1548 2055; x_wconf 79' lang='lat'><strong>1548.</strong></span> 
     </span>
    </p>

    <p class='ocr_par' dir='ltr' id='par_1_7' title="bbox 282 2065 1363 2178">
     <span class='ocr_line' id='line_1_12' title="bbox 282 2065 1363 2178; baseline -0.001 -29"><span class='ocrx_word' id='word_1_101' title='bbox 282 2066 287 2073; x_wconf 81' lang='grc'>’</span> <span class='ocrx_word' id='word_1_102' title='bbox 330 2095 373 2149; x_wconf 90' lang='lat'>·1.</span> <span class='ocrx_word' id='word_1_103' title='bbox 402 2068 527 2149; x_wconf 76' lang='lat' dir='ltr'>bullar</span> <span class='ocrx_word' id='word_1_104' title='bbox 543 2069 702 2178; x_wconf 82' lang='lat' dir='ltr'>papales</span> <span class='ocrx_word' id='word_1_105' title='bbox 721 2067 768 2148; x_wconf 88' lang='lat' dir='ltr'>de</span> <span class='ocrx_word' id='word_1_106' title='bbox 786 2065 999 2178; x_wconf 80' lang='lat' dir='ltr'>privilegiis</span> <span class='ocrx_word' id='word_1_107' title='bbox 1018 2068 1240 2164; x_wconf 80' lang='lat' dir='ltr'>academiae,</span> <span class='ocrx_word' id='word_1_108' title='bbox 1262 2085 1305 2175; x_wconf 85' lang='lat' dir='ltr'>p.</span> <span class='ocrx_word' id='word_1_109' title='bbox 1323 2094 1363 2177; x_wconf 89' lang='lat'>7.</span> 
     </span>
    </p>

    <p class='ocr_par' dir='ltr' id='par_1_8' title="bbox 299 2185 1816 2547">
     <span class='ocr_line' id='line_1_13' title="bbox 299 2185 1816 2304; baseline 0.003 -34"><span class='ocrx_word' id='word_1_110' title='bbox 299 2190 303 2194; x_wconf 67' lang='grc'><strong>’</strong></span> <span class='ocrx_word' id='word_1_111' title='bbox 337 2213 374 2271; x_wconf 84' lang='lat'>2.</span> <span class='ocrx_word' id='word_1_112' title='bbox 402 2189 635 2298; x_wconf 71' lang='lat' dir='ltr'>Breveoegis</span> <span class='ocrx_word' id='word_1_113' title='bbox 649 2188 1312 2286; x_wconf 84' lang='lat' dir='ltr'>RicardiII,vice·comitiCa11tab.</span> <span class='ocrx_word' id='word_1_114' title='bbox 1330 2185 1529 2271; x_wconf 75' lang='lat' dir='ltr'>directum</span> <span class='ocrx_word' id='word_1_115' title='bbox 1541 2189 1816 2304; x_wconf 81' lang='lat' dir='ltr'>utdistringat</span> 
     </span>
     <span class='ocr_line' id='line_1_14' title="bbox 401 2309 1810 2423; baseline 0.004 -31"><span class='ocrx_word' id='word_1_116' title='bbox 401 2328 442 2393; x_wconf 85' lang='lat' dir='ltr'>ct</span> <span class='ocrx_word' id='word_1_117' title='bbox 456 2336 623 2422; x_wconf 78' lang='lat' dir='ltr'>oorpom</span> <span class='ocrx_word' id='word_1_118' title='bbox 641 2311 786 2393; x_wconf 72' lang='lat' dir='ltr'>habeat</span> <span class='ocrx_word' id='word_1_119' title='bbox 804 2311 971 2394; x_wconf 85' lang='lat' dir='ltr'>Henrici</span> <span class='ocrx_word' id='word_1_120' title='bbox 990 2313 1039 2393; x_wconf 84' lang='lat' dir='ltr'>de</span> <span class='ocrx_word' id='word_1_121' title='bbox 1059 2309 1262 2394; x_wconf 84' lang='lat' dir='ltr'>Attelfield</span> <span class='ocrx_word' id='word_1_122' title='bbox 1286 2309 1531 2407; x_wconf 68' lang='lat' dir='ltr'>uariorum,</span> <span class='ocrx_word' id='word_1_123' title='bbox 1560 2311 1611 2393; x_wconf 92' lang='lat' dir='ltr'>ad</span> <span class='ocrx_word' id='word_1_124' title='bbox 1630 2311 1810 2423; x_wconf 74' lang='lat' dir='ltr'>respond.</span> 
     </span>
     <span class='ocr_line' id='line_1_15' title="bbox 401 2430 1816 2547; baseline 0.001 -31"><span class='ocrx_word' id='word_1_125' title='bbox 401 2431 588 2542; x_wconf 86' lang='lat' dir='ltr'>magistro</span> <span class='ocrx_word' id='word_1_126' title='bbox 613 2450 652 2513; x_wconf 88' lang='lat' dir='ltr'>et</span> <span class='ocrx_word' id='word_1_127' title='bbox 676 2431 915 2515; x_wconf 88' lang='lat' dir='ltr'>scholaribus</span> <span class='ocrx_word' id='word_1_128' title='bbox 934 2438 981 2514; x_wconf 91' lang='lat' dir='ltr'>C.</span> <span class='ocrx_word' id='word_1_129' title='bbox 998 2438 1047 2515; x_wconf 91' lang='lat' dir='ltr'>C.</span> <span class='ocrx_word' id='word_1_130' title='bbox 1064 2436 1112 2515; x_wconf 89' lang='lat' dir='ltr'>C.</span> <span class='ocrx_word' id='word_1_131' title='bbox 1129 2438 1177 2515; x_wconf 94' lang='lat' dir='ltr'>C.</span> <span class='ocrx_word' id='word_1_132' title='bbox 1198 2433 1245 2513; x_wconf 91' lang='lat' dir='ltr'>de</span> <span class='ocrx_word' id='word_1_133' title='bbox 1270 2430 1418 2543; x_wconf 89' lang='lat' dir='ltr'>placito</span> <span class='ocrx_word' id='word_1_134' title='bbox 1442 2433 1619 2541; x_wconf 86' lang='lat' dir='ltr'>quodam</span> <span class='ocrx_word' id='word_1_135' title='bbox 1642 2437 1753 2547; x_wconf 87' lang='lat' dir='ltr'>quod</span> <span class='ocrx_word' id='word_1_136' title='bbox 1771 2434 1816 2518; x_wconf 85' lang='lat' dir='ltr'>vi</span> 
     </span>
    </p>

    <p class='ocr_par' dir='ltr' id='par_1_9' title="bbox 290 2553 1396 2666">
     <span class='ocr_line' id='line_1_16' title="bbox 290 2553 1396 2666; baseline 0.003 -31"><span class='ocrx_word' id='word_1_137' title='bbox 290 2576 294 2583; x_wconf 84' lang='grc'><em>·</em></span> <span class='ocrx_word' id='word_1_138' title='bbox 397 2571 439 2635; x_wconf 77' lang='lat' dir='ltr'>ct</span> <span class='ocrx_word' id='word_1_139' title='bbox 454 2553 591 2651; x_wconf 78' lang='lat' dir='ltr'>aratia,</span> <span class='ocrx_word' id='word_1_140' title='bbox 611 2560 685 2636; x_wconf 82' lang='lat' dir='ltr'>bec.</span> <span class='ocrx_word' id='word_1_141' title='bbox 713 2580 821 2638; x_wconf 86' lang='lat' dir='ltr'>anno</span> <span class='ocrx_word' id='word_1_142' title='bbox 839 2554 951 2664; x_wconf 80' lang='lat' dir='ltr'>regni</span> <span class='ocrx_word' id='word_1_143' title='bbox 968 2559 1021 2666; x_wconf 86' lang='lat'>7⁰.</span> <span class='ocrx_word' id='word_1_144' title='bbox 1044 2573 1086 2666; x_wconf 83' lang='lat' dir='ltr'>p.</span> <span class='ocrx_word' id='word_1_145' title='bbox 1111 2581 1172 2637; x_wconf 87' lang='lat'>12.</span> <span class='ocrx_word' id='word_1_146' title='bbox 1391 2577 1396 2587; x_wconf 85' lang='lat'><strong>·</strong></span> 
     </span>
    </p>

    <p class='ocr_par' dir='ltr' id='par_1_10' title="bbox 229 2674 1812 5095">
     <span class='ocr_line' id='line_1_17' title="bbox 229 2674 1810 2788; baseline 0.002 -30"><span class='ocrx_word' id='word_1_147' title='bbox 229 2782 231 2786; x_wconf 7' lang='grc' dir='ltr'><strong>λ</strong></span> <span class='ocrx_word' id='word_1_148' title='bbox 332 2705 371 2785; x_wconf 85' lang='lat'>3.</span> <span class='ocrx_word' id='word_1_149' title='bbox 399 2679 462 2758; x_wconf 87' lang='lat' dir='ltr'>De</span> <span class='ocrx_word' id='word_1_150' title='bbox 484 2674 683 2758; x_wconf 58' lang='lat' dir='ltr'>struitura</span> <span class='ocrx_word' id='word_1_151' title='bbox 701 2676 864 2760; x_wconf 81' lang='lat' dir='ltr'>ecclefiae</span> <span class='ocrx_word' id='word_1_152' title='bbox 890 2682 935 2760; x_wconf 93' lang='grc' dir='ltr'>Β.</span> <span class='ocrx_word' id='word_1_153' title='bbox 953 2678 1095 2761; x_wconf 88' lang='lat' dir='ltr'>Mariae</span> <span class='ocrx_word' id='word_1_154' title='bbox 1112 2677 1284 2760; x_wconf 83' lang='lat' dir='ltr'>Cantab.</span> <span class='ocrx_word' id='word_1_155' title='bbox 1301 2674 1478 2760; x_wconf 74' lang='lat' dir='ltr'>inchoat.</span> <span class='ocrx_word' id='word_1_156' title='bbox 1505 2675 1621 2786; x_wconf 87' lang='lat'><strong>1478,</strong></span> <span class='ocrx_word' id='word_1_157' title='bbox 1644 2675 1810 2788; x_wconf 75' lang='lat' dir='ltr'>persebb.</span> 
     </span>
     <span class='ocr_line' id='line_1_18' title="bbox 404 2816 672 2908; baseline 0.007 -29"><span class='ocrx_word' id='word_1_158' title='bbox 404 2825 520 2908; x_wconf 80' lang='lat'><strong>1519,</strong></span> <span class='ocrx_word' id='word_1_159' title='bbox 541 2816 584 2908; x_wconf 78' lang='lat' dir='ltr'>p.</span> <span class='ocrx_word' id='word_1_160' title='bbox 611 2827 672 2906; x_wconf 89' lang='lat'>14.</span> 
     </span>
     <span class='ocr_line' id='line_1_19' title="bbox 327 2918 1812 3032; baseline 0.002 -30"><span class='ocrx_word' id='word_1_161' title='bbox 327 2947 367 3024; x_wconf 87' lang='lat'>4.</span> <span class='ocrx_word' id='word_1_162' title='bbox 396 2918 487 3002; x_wconf 91' lang='lat' dir='ltr'>The</span> <span class='ocrx_word' id='word_1_163' title='bbox 497 2919 758 3030; x_wconf 89' lang='lat' dir='ltr'>compofition</span> <span class='ocrx_word' id='word_1_164' title='bbox 767 2922 945 3003; x_wconf 87' lang='lat' dir='ltr'>between</span> <span class='ocrx_word' id='word_1_165' title='bbox 962 2921 1031 3003; x_wconf 87' lang='lat' dir='ltr'>the</span> <span class='ocrx_word' id='word_1_166' title='bbox 1042 2918 1252 3029; x_wconf 75' lang='lat' dir='ltr'>univeffity</span> <span class='ocrx_word' id='word_1_167' title='bbox 1264 2921 1343 3003; x_wconf 87' lang='lat' dir='ltr'>and</span> <span class='ocrx_word' id='word_1_168' title='bbox 1353 2919 1421 3001; x_wconf 86' lang='lat' dir='ltr'>the</span> <span class='ocrx_word' id='word_1_169' title='bbox 1433 2934 1546 3002; x_wconf 81' lang='lat' dir='ltr'>town</span> <span class='ocrx_word' id='word_1_170' title='bbox 1563 2945 1579 3000; x_wconf 94' lang='lat'><strong>1</strong></span> <span class='ocrx_word' id='word_1_171' title='bbox 1588 2945 1680 3027; x_wconf 79' lang='lat'><strong>301,</strong></span> <span class='ocrx_word' id='word_1_172' title='bbox 1685 2938 1729 3031; x_wconf 83' lang='lat' dir='ltr'>p.</span> <span class='ocrx_word' id='word_1_173' title='bbox 1743 2947 1812 3032; x_wconf 87' lang='lat'>²7·</span> 
     </span>
     <span class='ocr_line' id='line_1_20' title="bbox 331 3040 1811 3152; baseline 0.003 -30"><span class='ocrx_word' id='word_1_174' title='bbox 331 3068 368 3151; x_wconf 85' lang='lat'>5.</span> <span class='ocrx_word' id='word_1_175' title='bbox 396 3043 594 3123; x_wconf 72' lang='lat' dir='ltr'>Contenta</span> <span class='ocrx_word' id='word_1_176' title='bbox 608 3040 657 3124; x_wconf 85' lang='lat' dir='ltr'>os</span> <span class='ocrx_word' id='word_1_177' title='bbox 670 3041 740 3124; x_wconf 85' lang='lat' dir='ltr'>the</span> <span class='ocrx_word' id='word_1_178' title='bbox 752 3043 999 3125; x_wconf 85' lang='lat' dir='ltr'>black-book</span> <span class='ocrx_word' id='word_1_179' title='bbox 1013 3042 1062 3126; x_wconf 85' lang='lat' dir='ltr'>of</span> <span class='ocrx_word' id='word_1_180' title='bbox 1074 3042 1143 3126; x_wconf 82' lang='lat' dir='ltr'>the</span> <span class='ocrx_word' id='word_1_181' title='bbox 1158 3040 1370 3152; x_wconf 84' lang='lat' dir='ltr'>univerfity</span> <span class='ocrx_word' id='word_1_182' title='bbox 1384 3042 1501 3124; x_wconf 85' lang='lat' dir='ltr'>made</span> <span class='ocrx_word' id='word_1_183' title='bbox 1515 3042 1568 3151; x_wconf 87' lang='lat' dir='ltr'>by</span> <span class='ocrx_word' id='word_1_184' title='bbox 1582 3046 1657 3125; x_wconf 86' lang='lat' dir='ltr'>Dr.</span> <span class='ocrx_word' id='word_1_185' title='bbox 1674 3043 1811 3127; x_wconf 85' lang='lat' dir='ltr'>Buck·</span> 
     </span>
     <span class='ocr_line' id='line_1_21' title="bbox 393 3162 1160 3277; baseline 0.003 -33"><span class='ocrx_word' id='word_1_186' title='bbox 393 3191 488 3245; x_wconf 90' lang='lat' dir='ltr'>nam</span> <span class='ocrx_word' id='word_1_187' title='bbox 509 3162 651 3246; x_wconf 88' lang='lat' dir='ltr'>master</span> <span class='ocrx_word' id='word_1_188' title='bbox 666 3162 716 3245; x_wconf 89' lang='lat' dir='ltr'>of</span> <span class='ocrx_word' id='word_1_189' title='bbox 731 3163 1010 3263; x_wconf 87' lang='lat' dir='ltr'>Gonvill-hall‚</span> <span class='ocrx_word' id='word_1_190' title='bbox 1032 3186 1074 3277; x_wconf 86' lang='lat' dir='ltr'>p.</span> <span class='ocrx_word' id='word_1_191' title='bbox 1093 3195 1160 3272; x_wconf 81' lang='lat'>43.</span> 
     </span>
     <span class='ocr_line' id='line_1_22' title="bbox 327 3283 1808 3400; baseline 0.003 -34"><span class='ocrx_word' id='word_1_192' title='bbox 327 3287 367 3366; x_wconf 78' lang='lat' dir='ltr'>b.</span> <span class='ocrx_word' id='word_1_193' title='bbox 395 3289 590 3368; x_wconf 76' lang='lat' dir='ltr'>Contenta</span> <span class='ocrx_word' id='word_1_194' title='bbox 609 3284 657 3369; x_wconf 86' lang='lat' dir='ltr'>of</span> <span class='ocrx_word' id='word_1_195' title='bbox 668 3286 738 3368; x_wconf 84' lang='lat' dir='ltr'>the</span> <span class='ocrx_word' id='word_1_196' title='bbox 755 3287 870 3370; x_wconf 79' lang='lat' dir='ltr'>black</span> <span class='ocrx_word' id='word_1_197' title='bbox 888 3316 1011 3400; x_wconf 88' lang='lat' dir='ltr'>paper</span> <span class='ocrx_word' id='word_1_198' title='bbox 1027 3289 1135 3369; x_wconf 91' lang='lat' dir='ltr'>book</span> <span class='ocrx_word' id='word_1_199' title='bbox 1152 3284 1201 3369; x_wconf 86' lang='lat' dir='ltr'>of</span> <span class='ocrx_word' id='word_1_200' title='bbox 1213 3287 1283 3371; x_wconf 88' lang='lat' dir='ltr'>the</span> <span class='ocrx_word' id='word_1_201' title='bbox 1300 3283 1515 3396; x_wconf 71' lang='lat' dir='ltr'>univerfity</span> <span class='ocrx_word' id='word_1_202' title='bbox 1529 3284 1643 3367; x_wconf 86' lang='lat' dir='ltr'>made</span> <span class='ocrx_word' id='word_1_203' title='bbox 1663 3285 1715 3395; x_wconf 89' lang='lat' dir='ltr'>by</span> <span class='ocrx_word' id='word_1_204' title='bbox 1731 3289 1808 3371; x_wconf 88' lang='lat' dir='ltr'>Dr.</span> 
     </span>
     <span class='ocr_line' id='line_1_23' title="bbox 392 3406 701 3515; baseline 0.003 -26"><span class='ocrx_word' id='word_1_205' title='bbox 392 3406 551 3503; x_wconf 74' lang='lat' dir='ltr'>Perker,</span> <span class='ocrx_word' id='word_1_206' title='bbox 607 3469 616 3488; x_wconf 88' lang='lat'><strong>.</strong></span> <span class='ocrx_word' id='word_1_207' title='bbox 634 3439 661 3514; x_wconf 99' lang='lat'><strong>4</strong></span> <span class='ocrx_word' id='word_1_208' title='bbox 665 3435 701 3515; x_wconf 78' lang='grc' dir='ltr'>ς.</span> 
     </span>
     <span class='ocr_line' id='line_1_24' title="bbox 319 3426 1809 3642; baseline 0.003 -34"><span class='ocrx_word' id='word_1_209' title='bbox 319 3549 368 3638; x_wconf 90' lang='lat'>7.</span> <span class='ocrx_word' id='word_1_210' title='bbox 396 3426 657 3611; x_wconf 62' lang='lat' dir='ltr'>Contentiof</span> <span class='ocrx_word' id='word_1_211' title='bbox 668 3529 739 3611; x_wconf 87' lang='lat' dir='ltr'>the</span> <span class='ocrx_word' id='word_1_212' title='bbox 758 3531 873 3613; x_wconf 88' lang='lat' dir='ltr'>black</span> <span class='ocrx_word' id='word_1_213' title='bbox 893 3559 1012 3642; x_wconf 82' lang='lat' dir='ltr'>paper</span> <span class='ocrx_word' id='word_1_214' title='bbox 1028 3531 1138 3614; x_wconf 87' lang='lat' dir='ltr'>book</span> <span class='ocrx_word' id='word_1_215' title='bbox 1154 3529 1203 3612; x_wconf 89' lang='lat' dir='ltr'>of</span> <span class='ocrx_word' id='word_1_216' title='bbox 1224 3531 1291 3611; x_wconf 91' lang='lat' dir='ltr'>the</span> <span class='ocrx_word' id='word_1_217' title='bbox 1315 3528 1495 3640; x_wconf 66' lang='lat' dir='ltr'>probiors</span> <span class='ocrx_word' id='word_1_218' title='bbox 1520 3544 1710 3612; x_wconf 85' lang='lat' dir='ltr'>accounts</span> <span class='ocrx_word' id='word_1_219' title='bbox 1736 3530 1809 3613; x_wconf 86' lang='lat' dir='ltr'>be-</span> 
     </span>
     <span class='ocr_line' id='line_1_25' title="bbox 396 3649 967 3762; baseline 0.009 -33"><span class='ocrx_word' id='word_1_220' title='bbox 396 3672 482 3756; x_wconf 84' lang='lat' dir='ltr'>gon</span> <span class='ocrx_word' id='word_1_221' title='bbox 498 3649 551 3757; x_wconf 85' lang='lat' dir='ltr'>by</span> <span class='ocrx_word' id='word_1_222' title='bbox 569 3651 817 3748; x_wconf 68' lang='lat' dir='ltr'>D1.Pa111er‚</span> <span class='ocrx_word' id='word_1_223' title='bbox 840 3670 882 3762; x_wconf 81' lang='lat' dir='ltr'>p.</span> <span class='ocrx_word' id='word_1_224' title='bbox 900 3655 967 3759; x_wconf 89' lang='lat'>48.</span> 
     </span>
     <span class='ocr_line' id='line_1_26' title="bbox 327 3766 1677 3880; baseline 0.003 -31"><span class='ocrx_word' id='word_1_225' title='bbox 327 3766 365 3850; x_wconf 88' lang='lat'>8.</span> <span class='ocrx_word' id='word_1_226' title='bbox 395 3774 499 3878; x_wconf 87' lang='lat' dir='ltr'>Qae</span> <span class='ocrx_word' id='word_1_227' title='bbox 518 3773 775 3854; x_wconf 86' lang='lat' dir='ltr'>memoranda</span> <span class='ocrx_word' id='word_1_228' title='bbox 791 3772 885 3855; x_wconf 85' lang='lat' dir='ltr'>sunt</span> <span class='ocrx_word' id='word_1_229' title='bbox 900 3771 1148 3858; x_wconf 77' lang='lat' dir='ltr'>auditoribus</span> <span class='ocrx_word' id='word_1_230' title='bbox 1167 3772 1270 3855; x_wconf 81' lang='lat' dir='ltr'>cistae</span> <span class='ocrx_word' id='word_1_231' title='bbox 1288 3770 1526 3869; x_wconf 80' lang='lat' dir='ltr'>eommunis,</span> <span class='ocrx_word' id='word_1_232' title='bbox 1548 3789 1591 3880; x_wconf 79' lang='lat' dir='ltr'>p.</span> <span class='ocrx_word' id='word_1_233' title='bbox 1609 3800 1677 3880; x_wconf 74' lang='lat'>49.</span> 
     </span>
     <span class='ocr_line' id='line_1_27' title="bbox 329 3884 1809 4006; baseline 0.005 -35"><span class='ocrx_word' id='word_1_234' title='bbox 329 3910 367 4000; x_wconf 77' lang='lat'>9.</span> <span class='ocrx_word' id='word_1_235' title='bbox 394 3884 501 3999; x_wconf 85' lang='lat' dir='ltr'>Qae</span> <span class='ocrx_word' id='word_1_236' title='bbox 517 3890 690 4002; x_wconf 82' lang='lat' dir='ltr'>deposua</span> <span class='ocrx_word' id='word_1_237' title='bbox 708 3895 902 3976; x_wconf 75' lang='lat' dir='ltr'>roddmda</span> <span class='ocrx_word' id='word_1_238' title='bbox 925 3893 1253 4006; x_wconf 79' lang='lat' dir='ltr'>pro-cancellario</span> <span class='ocrx_word' id='word_1_239' title='bbox 1270 3894 1395 3979; x_wconf 71' lang='lat' dir='ltr'>eleeto</span> <span class='ocrx_word' id='word_1_240' title='bbox 1413 3895 1465 3978; x_wconf 91' lang='lat' dir='ltr'>ab</span> <span class='ocrx_word' id='word_1_241' title='bbox 1482 3891 1714 3978; x_wconf 73' lang='lat' dir='ltr'>antecessore</span> <span class='ocrx_word' id='word_1_242' title='bbox 1733 3892 1809 3978; x_wconf 92' lang='lat' dir='ltr'>suo</span> 
     </span>
     <span class='ocr_line' id='line_1_28' title="bbox 394 4013 1115 4128; baseline 0.01 -35"><span class='ocrx_word' id='word_1_243' title='bbox 394 4040 465 4122; x_wconf 88' lang='lat' dir='ltr'>per</span> <span class='ocrx_word' id='word_1_244' title='bbox 483 4013 744 4125; x_wconf 85' lang='lat' dir='ltr'>syngrapham</span> <span class='ocrx_word' id='word_1_245' title='bbox 763 4015 962 4113; x_wconf 86' lang='lat' dir='ltr'>serratam,</span> <span class='ocrx_word' id='word_1_246' title='bbox 986 4037 1027 4128; x_wconf 85' lang='lat' dir='ltr'>p.</span> <span class='ocrx_word' id='word_1_247' title='bbox 1051 4046 1115 4127; x_wconf 80' lang='lat'>50.</span> 
     </span>
     <span class='ocr_line' id='line_1_29' title="bbox 332 4140 1261 4249; baseline 0.006 -34"><span class='ocrx_word' id='word_1_248' title='bbox 332 4163 392 4217; x_wconf 88' lang='lat'>10.</span> <span class='ocrx_word' id='word_1_249' title='bbox 421 4140 648 4247; x_wconf 89' lang='lat' dir='ltr'>Computus</span> <span class='ocrx_word' id='word_1_250' title='bbox 665 4156 971 4247; x_wconf 86' lang='lat' dir='ltr'>procuratorum</span> <span class='ocrx_word' id='word_1_251' title='bbox 995 4167 1111 4249; x_wconf 79' lang='lat'><strong>1545,</strong></span> <span class='ocrx_word' id='word_1_252' title='bbox 1135 4157 1176 4249; x_wconf 81' lang='lat' dir='ltr'>p.</span> <span class='ocrx_word' id='word_1_253' title='bbox 1198 4168 1261 4248; x_wconf 78' lang='lat'>52.</span> 
     </span>
     <span class='ocr_line' id='line_1_30' title="bbox 330 4256 1807 4370; baseline 0.005 -33"><span class='ocrx_word' id='word_1_254' title='bbox 330 4284 391 4338; x_wconf 94' lang='lat'>11.</span> <span class='ocrx_word' id='word_1_255' title='bbox 420 4260 648 4367; x_wconf 89' lang='lat' dir='ltr'>Computus</span> <span class='ocrx_word' id='word_1_256' title='bbox 667 4260 815 4343; x_wconf 87' lang='lat' dir='ltr'>Albani</span> <span class='ocrx_word' id='word_1_257' title='bbox 833 4260 1028 4370; x_wconf 86' lang='lat' dir='ltr'>Langdail</span> <span class='ocrx_word' id='word_1_258' title='bbox 1052 4263 1099 4343; x_wconf 86' lang='lat' dir='ltr'>de</span> <span class='ocrx_word' id='word_1_259' title='bbox 1124 4259 1359 4348; x_wconf 85' lang='lat' dir='ltr'><strong>tenementis</strong></span> <span class='ocrx_word' id='word_1_260' title='bbox 1382 4258 1534 4342; x_wconf 91' lang='lat' dir='ltr'>collatis</span> <span class='ocrx_word' id='word_1_261' title='bbox 1558 4256 1807 4344; x_wconf 86' lang='lat' dir='ltr'>universitati</span> 
     </span>
     <span class='ocr_line' id='line_1_31' title="bbox 420 4381 1130 4493; baseline 0.008 -34"><span class='ocrx_word' id='word_1_262' title='bbox 420 4405 491 4486; x_wconf 89' lang='lat' dir='ltr'>per</span> <span class='ocrx_word' id='word_1_263' title='bbox 508 4382 620 4489; x_wconf 89' lang='lat' dir='ltr'>Mag.</span> <span class='ocrx_word' id='word_1_264' title='bbox 639 4381 844 4464; x_wconf 79' lang='lat' dir='ltr'>Thomam</span> <span class='ocrx_word' id='word_1_265' title='bbox 864 4386 979 4478; x_wconf 88' lang='lat' dir='ltr'>Baro,</span> <span class='ocrx_word' id='word_1_266' title='bbox 1001 4402 1043 4492; x_wconf 88' lang='lat' dir='ltr'>p.</span> <span class='ocrx_word' id='word_1_267' title='bbox 1066 4414 1130 4493; x_wconf 78' lang='lat'>59.</span> 
     </span>
     <span class='ocr_line' id='line_1_32' title="bbox 332 4500 1323 4613; baseline 0.003 -33"><span class='ocrx_word' id='word_1_268' title='bbox 332 4526 392 4580; x_wconf 89' lang='lat'>12.</span> <span class='ocrx_word' id='word_1_269' title='bbox 422 4500 568 4582; x_wconf 83' lang='lat' dir='ltr'>Debita</span> <span class='ocrx_word' id='word_1_270' title='bbox 585 4500 826 4607; x_wconf 80' lang='lat' dir='ltr'>universuati</span> <span class='ocrx_word' id='word_1_271' title='bbox 843 4507 1014 4587; x_wconf 81' lang='lat' dir='ltr'>necdum</span> <span class='ocrx_word' id='word_1_272' title='bbox 1032 4505 1172 4601; x_wconf 87' lang='lat' dir='ltr'>soluta,</span> <span class='ocrx_word' id='word_1_273' title='bbox 1195 4523 1237 4613; x_wconf 84' lang='lat' dir='ltr'>p.</span> <span class='ocrx_word' id='word_1_274' title='bbox 1258 4507 1323 4585; x_wconf 85' lang='lat'>61.</span> 
     </span>
     <span class='ocr_line' id='line_1_33' title="bbox 331 4619 1716 4735; baseline 0.002 -34"><span class='ocrx_word' id='word_1_275' title='bbox 331 4648 392 4728; x_wconf 84' lang='lat'>¹3·</span> <span class='ocrx_word' id='word_1_276' title='bbox 420 4619 527 4701; x_wconf 88' lang='lat' dir='ltr'>Note</span> <span class='ocrx_word' id='word_1_277' title='bbox 545 4624 784 4732; x_wconf 87' lang='lat' dir='ltr'>concerning</span> <span class='ocrx_word' id='word_1_278' title='bbox 802 4652 824 4705; x_wconf 90' lang='lat' dir='ltr'>a</span> <span class='ocrx_word' id='word_1_279' title='bbox 843 4627 1089 4735; x_wconf 85' lang='lat' dir='ltr'>controversy</span> <span class='ocrx_word' id='word_1_280' title='bbox 1109 4629 1230 4707; x_wconf 92' lang='lat' dir='ltr'>about</span> <span class='ocrx_word' id='word_1_281' title='bbox 1250 4626 1317 4706; x_wconf 89' lang='lat' dir='ltr'>the</span> <span class='ocrx_word' id='word_1_282' title='bbox 1336 4623 1598 4733; x_wconf 69' lang='lat' dir='ltr'>probiorship,</span> <span class='ocrx_word' id='word_1_283' title='bbox 1627 4624 1716 4706; x_wconf 85' lang='lat' dir='ltr'>ibid.</span> 
     </span>
     <span class='ocr_line' id='line_1_34' title="bbox 331 4743 1806 4859; baseline 0.004 -37"><span class='ocrx_word' id='word_1_284' title='bbox 331 4769 391 4846; x_wconf 89' lang='lat'>14.</span> <span class='ocrx_word' id='word_1_285' title='bbox 421 4745 635 4824; x_wconf 72' lang='lat' dir='ltr'>Decretum</span> <span class='ocrx_word' id='word_1_286' title='bbox 661 4746 847 4854; x_wconf 83' lang='lat' dir='ltr'>Stephani</span> <span class='ocrx_word' id='word_1_287' title='bbox 868 4748 1063 4829; x_wconf 86' lang='lat' dir='ltr'>Gardiner</span> <span class='ocrx_word' id='word_1_288' title='bbox 1082 4748 1251 4859; x_wconf 82' lang='lat' dir='ltr'>episcopi</span> <span class='ocrx_word' id='word_1_289' title='bbox 1270 4749 1444 4827; x_wconf 89' lang='lat' dir='ltr'>Winton</span> <span class='ocrx_word' id='word_1_290' title='bbox 1463 4765 1502 4826; x_wconf 87' lang='lat' dir='ltr'>et</span> <span class='ocrx_word' id='word_1_291' title='bbox 1521 4797 1541 4811; x_wconf 94' lang='lat'>-</span> <span class='ocrx_word' id='word_1_292' title='bbox 1557 4796 1576 4811; x_wconf 90' lang='lat'><strong>·</strong></span> <span class='ocrx_word' id='word_1_293' title='bbox 1597 4795 1616 4811; x_wconf 92' lang='lat'><strong>·</strong></span> <span class='ocrx_word' id='word_1_294' title='bbox 1636 4797 1656 4812; x_wconf 94' lang='lat'>-</span> <span class='ocrx_word' id='word_1_295' title='bbox 1675 4743 1806 4828; x_wconf 78' lang='lat' dir='ltr'>Thir-</span> 
     </span>
     <span class='ocr_line' id='line_1_35' title="bbox 417 4863 1535 4976; baseline 0.007 -34"><span class='ocrx_word' id='word_1_296' title='bbox 417 4863 504 4972; x_wconf 85' lang='lat' dir='ltr'>leby</span> <span class='ocrx_word' id='word_1_297' title='bbox 523 4865 691 4976; x_wconf 88' lang='lat' dir='ltr'>episcopi</span> <span class='ocrx_word' id='word_1_298' title='bbox 712 4868 933 4951; x_wconf 86' lang='lat' dir='ltr'>Wcstmon.</span> <span class='ocrx_word' id='word_1_299' title='bbox 954 4868 1092 4952; x_wconf 90' lang='lat' dir='ltr'>dehac</span> <span class='ocrx_word' id='word_1_300' title='bbox 1111 4868 1383 4966; x_wconf 89' lang='lat' dir='ltr'>controverfia,</span> <span class='ocrx_word' id='word_1_301' title='bbox 1405 4887 1447 4976; x_wconf 87' lang='lat' dir='ltr'>p.</span> <span class='ocrx_word' id='word_1_302' title='bbox 1469 4872 1535 4950; x_wconf 86' lang='lat'>62.</span> 
     </span>
     <span class='ocr_line' id='line_1_36' title="bbox 1598 4992 1805 5095; baseline 0 -26"><span class='ocrx_word' id='word_1_303' title='bbox 1598 5014 1659 5095; x_wconf 81' lang='lat'>15·</span> <span class='ocrx_word' id='word_1_304' title='bbox 1689 4992 1805 5069; x_wconf 86' lang='lat' dir='ltr'>Exo-</span> 
     </span>
    </p>
   </div>
   <div class='ocr_carea' id='block_1_3' title="bbox 828 5198 1220 5282">
    <p class='ocr_par' dir='ltr' id='par_1_11' title="bbox 828 5198 1220 5282">
     <span class='ocr_line' id='line_1_37' title="bbox 828 5198 1220 5282; baseline 0.015 -18"><span class='ocrx_word' id='word_1_305' title='bbox 828 5198 895 5282; x_wconf 85' lang='lat'><strong>14.]</strong></span> <span class='ocrx_word' id='word_1_306' title='bbox 914 5200 982 5269; x_wconf 75' lang='lat' dir='ltr'>ua</span> <span class='ocrx_word' id='word_1_307' title='bbox 998 5202 1170 5269; x_wconf 84' lang='lat' dir='ltr'>cxxvu.</span> <span class='ocrx_word' id='word_1_308' title='bbox 1188 5204 1220 5270; x_wconf 78' lang='lat' dir='ltr'>o.</span> 
     </span>
    </p>
   </div>
   <div class='ocr_carea' id='block_1_4' title="bbox 0 0 2122 5908">
    <p class='ocr_par' dir='ltr' id='par_1_12' title="bbox 0 0 2122 5908">
     <span class='ocr_line' id='line_1_38' title="bbox 0 0 2122 5908; baseline 0 0"><span class='ocrx_word' id='word_1_309' title='bbox 0 0 2122 5908; x_wconf 95' lang='lat' dir='ltr'> </span> 
     </span>
    </p>
   </div>
  </div>
 </body>
</html>
