4214 5910
276 644 374 761 344

877 871 1182 989 CCCXX.

318 1031 433 1111 Codex
451 1032 733 1115 membranaceus
752 1037 792 1117 in
806 1045 875 1141 4²⁰,
895 1040 997 1145 cujas
1009 1044 1138 1147 prima
1151 1035 1370 1147 pareseculo
1384 1037 1445 1119 xii
1457 1054 1616 1120 exarata
1634 1041 1809 1134 continet,

324 1178 357 1230 1.
386 1152 640 1348 {Iporrimam
676 1158 951 1241 collectionem
986 1158 1216 1241 sermonum
1248 1158 1314 1240 seu
1339 1157 1606 1243 homeliarum
1639 1158 1686 1243 in
1720 1159 1807 1242 dies

405 1297 424 1347 e
461 1298 517 1363 os,
539 1275 612 1350 occ.

220 1425 223 1431 ,
385 1387 450 1466 Ex
471 1389 509 1468 S.
523 1390 724 1496 Augustino
738 1395 922 1504 precrpue.

275 1504 281 1514 ’
383 1509 598 1612 Inserenda
610 1513 847 1621 parteseculo
866 1516 928 1598 vii
933 1511 1082 1624 scripta
1100 1514 1342 1613 continentur,

316 1649 354 1706 2.
383 1629 550 1736 Corpus.
570 1655 773 1714 canonum
806 1635 1137 1741 Anglicanorum,
1164 1632 1376 1717 Theodori
1414 1650 1457 1716 ut
1493 1630 1647 1715 videtur
1674 1629 1744 1715 lib.
1756 1627 1801 1712 ii.

382 1774 531 1856 quornm
550 1749 719 1832 rubricas
736 1753 877 1833 ledoris
895 1755 936 1834 in
950 1757 1120 1862 gratiam
1139 1753 1297 1865 appostti.

775 1886 778 1891 ’
873 1876 996 1967 Liber
1013 1883 1182 1996 primus.

381 1997 414 2077 Ι.
435 2000 496 2079 De
515 2002 674 2110 crapula
695 2018 735 2083 et
751 2003 953 2087 ebrietate.

360 2143 362 2147 ·
382 2119 434 2198 11.
454 2121 517 2199 De
537 2118 816 2203 fornicatione.

382 2240 454 2320 ΙΙΙ.
475 2242 536 2320 De
556 2240 721 2322 avaritia
740 2240 903 2324 furtiva.

380 2361 452 2440 IV.
472 2362 535 2440 De
553 2359 745 2442 occisione
764 2360 993 2447 hominum.

380 2480 432 2560 V.
452 2482 515 2560 De
535 2477 596 2562 his
616 2483 687 2590 qui
707 2509 779 2591 per
796 2482 947 2567 heresm
966 2480 1238 2596 decipiuntur.

379 2601 450 2680 VI.
471 2603 533 2681 De
553 2600 743 2710 perjurio.

377 2722 470 2802 VII.
492 2722 553 2801 De
572 2722 710 2804 multis
730 2742 770 2805 et
789 2723 945 2806 diversis
967 2724 1080 2807 malis
1102 2741 1142 2807 et
1160 2748 1252 2833 quae
1271 2745 1357 2803 non
1375 2731 1524 2804 nocent
1542 2716 1761 2801 necessaria.

378 2843 490 2922 VIII.
512 2845 572 2922 De
593 2843 742 2926 diverso
762 2844 871 2954 lapsu
891 2846 1091 2929 servorum
1113 2845 1202 2926 Dei.

377 2965 448 3044 IX.
470 2964 532 3042 De
552 2959 613 3043 his
634 2962 704 3070 qui
723 2965 998 3072 degraduntur
1016 2968 1076 3047 vel
1096 2961 1273 3047 ordinari
1292 2989 1376 3047 non
1395 2960 1569 3073 poffunt.

377 3084 431 3164 X.
451 3084 513 3163 De
533 3080 743 3190 baptIzar-is
765 3083 823 3164 bis
843 3085 1015 3194 qualiter
1032 3082 1252 3194 peniteant.

268 3250 293 3285 .·
376 3204 448 3284 XI.
470 3205 531 3283 De
552 3201 612 3282 his
632 3202 703 3311 qui
728 3203 923 3286 damnant
945 3202 1188 3286 dominicam
1208 3219 1249 3284 et
1276 3199 1428 3284 indiera
1454 3198 1605 3308 jejunia
1624 3196 1787 3285 ecclesiae

469 3322 557 3403 Dei.

375 3446 467 3525 XII.
489 3445 550 3522 De
569 3443 854 3527 communione
874 3443 1102 3527 eucharistae
1120 3444 1181 3525 vel
1201 3440 1402 3526 sacrifici0.

375 3565 488 3643 XIII.
511 3559 571 3641 De
592 3555 924 3645 reconciIiatione.

375 3684 486 3762 XIV.
506 3685 568 3761 De
588 3682 807 3790 penitentia
826 3680 1068 3764 nubentium
1090 3675 1316 3792 specialiter.

374 3806 465 3885 XV.
486 3806 548 3884 De
566 3807 724 3885 cultura
743 3803 957 3885 idolorum.

843 3934 966 4015 Liber
984 3931 1190 4015 secundus.

373 4055 405 4136 1.
426 4059 487 4136 De
507 4050 671 4136 ecclesrae
693 4051 923 4139 ministerio.

373 4179 425 4259 ΙΙ.
447 4180 508 4257 De
528 4174 654 4255 tribus
675 4173 863 4280 gradibus
885 4172 1050 4256 ecclesrae
1070 4171 1370 4284 priucipalibus.

372 4298 444 4378 III.
466 4300 527 4377 De
547 4295 798 4377 ordinatione
815 4294 1072 4375 diversorum.

374 4420 443 4497 IV.
464 4418 526 4496 De
546 4413 778 4522 baptismate
796 4431 834 4493 et
852 4412 1173 4499 confirmatione.

370 4539 421 4616 V.
443 4538 504 4615 De
523 4531 632 4616 miffa
651 4530 949 4614 defunctorum.

372 4660 443 4739 VI.
456 4660 527 4737 'De
545 4652 755 4736 abbatibus
775 4673 816 4734 et
835 4651 1040 4735 monachis
1059 4655 1122 4738 vel
1141 4649 1394 4736 monasterio.
1610 4769 1689 4850 VH
1721 4768 1762 4850 D

683 4795 685 4799 ⁷
1692 4830 1701 4850 .
1762 4795 1784 4850 e

569 5082 756 5166 CCCXX]
772 5086 835 5155 Ver.
853 5088 919 5153 Cat.
936 5084 1030 5155 T.'r.
1044 5083 1142 5154 MSS.
1156 5083 1240 5167 Angl.
1255 5079 1451 5168 ·1548··281.
