4214 5910
282 647 379 740 422
911 606 1244 704 ccccixx.

333 831 371 911 3.
402 793 611 881 Laurentii
631 789 912 877 Dunelmenfis
934 789 1254 904 hypognosticon
1276 789 1325 873 ad
1346 787 1593 873 Geivasium.

332 949 373 1025 4.
403 917 618 1029 Expeditio
637 918 886 996 Francorum
909 914 1138 1021 Anglorum
1159 928 1199 993 et
1218 910 1419 1011 variarum
1440 911 1656 994 nationum
1681 914 1732 996 ad
1750 916 1824 996 ob·

401 1042 608 1125 fidendum
633 1035 857 1147 Uiiffipona
886 1032 930 1117 in
959 1032 1221 1145 Portugallia,
1255 1052 1434 1144 ternpore
1464 1030 1693 1129 Hildesonsi
1722 1034 1822 1146 regis

397 1188 471 1275 pei·
491 1158 730 1242 Osbernum.

816 1347 1271 1464 CCCCLXXI.

331 1517 449 1600 Codex
463 1511 888 1618 mernbranaciussorina
904 1507 1052 1606 minori,
1059 1507 1180 1617 seculo
1192 1507 1447 1617 xioscriptnr,
1468 1507 1509 1590 in
1527 1538 1593 1621 quo
1606 1514 1821 1619 continetur,

331 1640 382 1721 Li
399 1635 598 1740 rossignos,
615 1663 658 1714 ou
673 1632 710 1712 sa
726 1630 864 1740 pensee
879 1629 1007 1711 iohan
1023 1629 1071 1708 de
1085 1627 1316 1722 Hoiedene,
1337 1631 1438 1712 clerc
1455 1630 1493 1710 la
1508 1631 1621 1713 roine
1636 1622 1821 1744 diingie·

277 1782 393 1858 terre,
415 1784 522 1856 mere
543 1756 578 1835 le
598 1751 660 1836 roi
679 1753 865 1846 Edward,
885 1752 935 1830 de
954 1750 992 1831 sa
1013 1747 1259 1844 neissanceet
1276 1750 1324 1830 dc
1343 1751 1383 1832 la
1403 1767 1510 1834 inort
1527 1770 1566 1832 et
1586 1755 1643 1834 du
1663 1757 1820 1840 relieve·

277 1894 390 1967 inen't
409 1895 449 1962 et
468 1871 748 1958 de'iascension
768 1872 853 1954 iesu
870 1867 977 1954 Crist
998 1888 1037 1951 et
1056 1869 1104 1952 de
1123 1867 1385 1981 iassumpcion
1406 1889 1524 1954 notre
1539 1869 1674 1956 danie.

808 2096 1295 2213 CCCCLXXII.

331 2270 452 2355 Codex
466 2266 753 2348 membranaceus
768 2261 809 2340 in
830 2256 883 2336 8'⁰
895 2257 1043 2351 minori,
1051 2254 1170 2363 stculo
1184 2255 1424 2367 inscriptus,
1444 2261 1485 2341 in
1500 2291 1566 2371 quo
1580 2265 1818 2366 continentur,

339 2419 372 2471 1.
404 2386 574 2468 Isidorus
598 2373 878 2490 [Hispalensis]
900 2379 949 2459 de
968 2393 1062 2456 ortu
1082 2391 1121 2456 et
1141 2374 1258 2456 obitu
1273 2375 1520 2476 ianitorum,
1543 2399 1586 2491 p.
1605 2413 1639 2465 1.

335 2536 373 2595 2.
403 2509 543 2588 Petrus
564 2505 612 2583 de
631 2503 777 2582 Monte
798 2496 847 2580 ad
870 2495 1145 2580 Humfredum
1169 2497 1313 2579 ducein
1335 2499 1565 2586 Glocestriae
1594 2503 1644 2587 de
1663 2483 1839 2618 compa-x

406 2623 560 2708 ratione
580 2619 787 2714 vitiorum,
810 2618 879 2700 lib.
891 2617 947 2716 iii,
973 2637 1013 2726 p.
1026 2643 1092 2724 47.

335 2777 374 2860 3.
403 2741 547 2826 Oratio
566 2737 748 2824 Isocratis
769 2739 819 2820 ad
839 2737 1126 2830 Demonicum,
1152 2752 1191 2844 p.
1206 2759 1228 2814 2
1235 2761 1299 2843 33.

312 2876 317 2891 ”
335 2897 375 2975 4.
403 2859 610 2946 Plutarchi
637 2857 766 2942 sermo
793 2858 843 2940 de
866 2856 1014 2940 virtute
1033 2871 1073 2938 et
1098 2853 1196 2936 vitio
1216 2882 1263 2936 ex
1283 2856 1458 2942 versione
1478 2859 1609 2956 Cincii
1631 2853 1818 2966 Romani,

428 3013 473 3071 ,2
507 2985 543 3066 6.

336 3133 372 3218 5.
393 3007 581 3186 iisociates
601 3101 649 3182 de
671 3115 800 3181 morte
820 3097 1116 3182 contemnenda
1135 3124 1182 3180 ex
1201 3097 1376 3184 versione
1395 3103 1528 3188 Cincii
1547 3135 1639 3192 cum
1660 3100 1832 3221 epistola>

403 3223 575 3331 ejusdem
594 3221 643 3303 ad
660 3220 824 3302 Velluni
842 3236 882 3301 et
900 3216 1124 3330 prefatione
1145 3221 1193 3300 ad
1213 3221 1436 3329 Jordanurn
1457 3227 1699 3316 cardinalem
1716 3234 1820 3316 Ursi-

405 3376 520 3440 num,
578 3343 711 3449 ‚256.
782 3419 785 3425 ,
921 3410 926 3420 .

335 3474 375 3553 ό.
405 3361 608 3549 Lucianpus
643 3464 691 3544 de
720 3461 896 3545 amicitia
925 3489 973 3544 ex
1001 3459 1177 3545 versione
1207 3464 1353 3574 Angeli
1381 3466 1539 3551 Aretini
1569 3497 1664 3554 cuni
1692 3472 1824 3584 prefa-

405 3590 516 3671 tione
536 3584 723 3693 ejusdem,
752 3602 901 3692 p.294.

336 3743 376 3825 7.
406 3711 526 3793 Liber
554 3704 833 3815 Xenepliontis
863 3702 931 3814 qui
960 3701 1109 3820 dicitur
1138 3703 1323 3788 tirannus
1352 3734 1401 3789 ex
1431 3707 1604 3794 versione
1627 3714 1827 3800 Leonardi

408 3828 563 3912 Aretini
581 3854 675 3908 euni
698 3822 922 3936 prefatione
940 3823 1126 3927 eiusdem,
1150 3843 1192 3934 p.
1208 3852 1260 3935 37
1265 3854 1301 3934 5.
1353 3824 1359 3839 '
1499 3839 1502 3846 “

342 3953 380 4036 8.
411 3951 531 4034 Liber·
554 3946 690 4056 inagni
712 3944 840 4028 Basilii
861 3949 910 4028 ad
937 3944 1101 4052 juvenes
1131 3945 1332 4055 religiosos
1361 3947 1510 4060 quibus
1540 3951 1679 4040 studiis
1706 3985 1826 4070 opera

409 4071 540 4153 danda
561 4067 606 4148 sit
626 4093 674 4145 ex
693 4062 868 4147 versione
888 4064 1089 4148 Leonardi
1109 4065 1266 4149 Aietini
1286 4093 1380 4150 cuin
1401 4068 1572 4177 ejusdem
1602 4072 1827 4187 prefatione

411 4193 460 4272 ad
481 4184 709 4269 Collucium
732 4186 973 4280 Salutatum,
1000 4202 1147 4293 p.4i4.

341 4345 380 4422 9.
410 4308 658 4416 isagogicum
691 4303 951 4417 philosophiae
983 4308 1143 4391 moralis
1174 4305 1438 4419 compilatum
1470 4338 1541 4422 per
1568 4312 1826 4399 Leonardum'

410 4429 654 4524 Arieiinurn,
677 4444 720 4535 p.
733 4453 828 4535 449.

1621 4582 1684 4638 io.
1712 4555 1830 4643 Liber

341 4860 604 4940 CCCCLXXI.]
623 4860 684 4928 Vei.
702 4862 767 4924 Coi.
785 4857 831 4922 G.
854 4860 901 4925 16.
921 4859 1113 4943 Morogi.
1135 4860 1314 4948 ¹353·7⁶·

341 4965 622 5049 CCCCLXX11.]
641 4967 702 5034 Vei.
719 4965 784 5029 Coi.
803 4963 878 5030 Sub.
895 4964 938 5032 D.
959 4987 989 5031 1.
1006 4964 1103 5032 MSS.
1118 4966 1200 5051 Argi.
1221 4962 1411 5055 reip-360.

347 5076 393 5160 1.]
411 5075 481 5146 Vide
494 5071 715 5139 cccxxxi.
737 5094 787 5160 17.
804 5071 1060 5142 CCCXXXIX.
1079 5095 1109 5162 3.
