4214 5910
220 735 222 738 ’
285 761 345 855 72
1015 727 1122 821 CII.

279 887 538 1029 spondentem
556 931 597 997 et
616 913 823 1024 magistros
843 917 1040 1024 Yungum
1065 908 1287 996 Sedwicum
1312 928 1352 994 et
1376 915 1554 996 Pernum
1582 932 1832 1026 opponentes

280 1039 408 1122 dehis
430 1037 654 1149 propohtis,

295 1203 297 1208 ·
338 1173 364 1207 “
387 1160 583 1246 Canonici
601 1159 692 1242 libri
706 1160 850 1242 docent
868 1158 939 1241 soli
958 1159 1116 1241 abunde
1131 1176 1304 1256 renatos,
1326 1186 1417 1269 quae
1433 1158 1510 1241 fmt
1527 1156 1642 1243 saluti
1656 1159 1832 1244 omnia.”

338 1295 364 1331 ‘⁴
387 1286 515 1366 Nulla
531 1283 586 1367 est
613 1280 787 1367 interris
807 1281 974 1382 ecclesia,
1003 1309 1094 1392 quae
1122 1310 1209 1364 non
1229 1301 1331 1365 erret
1352 1300 1438 1366 tam
1465 1280 1511 1365 in
1530 1278 1607 1365 fide
1635 1310 1761 1393 quam
1788 1283 1833 1368 in

282 1418 308 1454 “
329 1405 547 1491 moribus.'’
615 1511 619 1516 .

339 1543 366 1578 “
388 1534 449 1612 Ita
468 1528 589 1639 gratis
607 1526 871 1636 justificamur
888 1556 911 1611 a
930 1532 1032 1626 De0,
1053 1544 1102 1610 ut
1119 1547 1212 1610 ante
1229 1525 1552 1636 justificationem
1569 1554 1612 1610 re
1631 1555 1723 1612 vera
1739 1556 1832 1642 pec-

283 1664 310 1700 “
329 1672 467 1735 catum
483 1651 544 1750 fit,
564 1651 744 1763 iramque
761 1651 837 1734 Dei
857 1651 901 1734 in
922 1679 996 1732 nos
1017 1667 1220 1762 provocet,
1240 1649 1434 1762 quicquid
1449 1649 1547 1732 boni
1561 1650 1693 1762 operis
1708 1652 1834 1737 facere

282 1787 309 1824 “
330 1774 559 1858 videamur:
589 1774 791 1884 justificati
810 1793 944 1857 autem
963 1775 1071 1856 bona
1089 1801 1210 1885 opera
1229 1773 1398 1856 facimus
1418 1771 1665 1857 neceffari0.''

335 1901 439 1982 Huic
465 1899 698 2013 disputationi
716 1899 874 2009 praefixa
898 1897 956 2005 est,
987 1895 1165 2009 Epistola
1190 1896 1332 1979 Buceri
1359 1899 1410 1980 ad
1435 1895 1659 1995 Leuorem,
1687 1898 1782 1985 data
1807 1929 1829 2010 3

279 2022 340 2122 Id.
359 2021 531 2130 Augusti
558 2051 571 2104 r
582 2050 675 2132 550.

340 2171 378 2227 2.
407 2143 586 2254 Epistola
622 2140 783 2254 [Buceri
815 2146 865 2229 ad
898 2146 1099 2255 quendam
1133 2142 1381 2256 episcopum]
1418 2145 1467 2226 de
1500 2147 1688 2251 dogmate
1714 2140 1831 2256 Mag.

407 2272 553 2373 Yunge
571 2266 675 2350 circa
692 2265 1028 2374 justificationem,
1050 2288 1092 2378 p.
1114 2272 1180 2377 69.

341 2419 378 2500 3.
408 2389 585 2499 Epistola
620 2389 945 2472 vice-cancellarii
978 2390 1192 2474 dottorum
1222 2407 1261 2472 et
1295 2389 1543 2501 reliquorum
1571 2388 1833 2498 collegiorum

408 2511 712 2625 praepofrtorum
733 2513 801 2622 [ad
812 2511 1027 2595 vihtatores
1050 2512 1278 2622 academia]
1302 2513 1345 2595 in
1357 2513 1440 2625 quai
1459 2533 1603 2624 petunt
1616 2514 1833 2596 concilium

408 2657 548 2718 utrum
582 2635 781 2746 expediret
817 2637 1043 2745 permittere
1077 2637 1388 2748 disputationem
1421 2637 1527 2722 inter
1560 2640 1762 2721 Bucerum
1792 2653 1833 2719 et

408 2762 605 2867 Yungum
624 2760 671 2841 de
689 2758 968 2865 justificatione
987 2759 1225 2857 habendam,
1248 2779 1290 2870 p.
1314 2761 1378 2843 81.

340 2911 380 2987 4.
412 2881 640 2990 Disputatio
676 2881 781 2963 inter
816 2910 881 2963 eos
914 2882 1050 2964 habita
1080 2884 1338 2994 respondente
1372 2887 1484 2992 Mag.
1516 2888 1680 2992 Yungo,
1718 2884 1834 2992 cujus

409 3004 523 3087 thesis
543 3021 639 3103 erat,
657 3016 681 3050 “
696 3004 916 3087 Hominem
932 3005 1116 3088 nondum
1129 3003 1402 3113 justificatum,
1425 3008 1607 3089 nondum
1624 3005 1701 3089 fide
1719 3006 1834 3113 justi-

410 3139 435 3174 “
459 3126 603 3210 ficante
618 3130 830 3225 donatum,
850 3127 954 3238 poffe
968 3127 1094 3210 facere
1110 3157 1230 3240 opera
1245 3130 1351 3210 bona
1367 3148 1605 3240 acceptaque
1619 3133 1721 3226 Dee,
1741 3160 1835 3242 quae

409 3263 437 3299 “
459 3273 619 3361 peccata
633 3280 716 3333 non
732 3251 837 3348 sunt,
858 3250 1007 3362 effeque
1024 3251 1066 3334 in
1083 3254 1258 3363 quodam
1275 3251 1406 3334 medio
1421 3253 1526 3334 statu
1545 3252 1650 3334 inter
1664 3253 1835 3337 omnino

411 3387 437 3422 “
458 3374 603 3483 impios
623 3393 662 3455 et
682 3375 799 3484 plane
817 3376 1003 3484 probos,''
1025 3395 1067 3485 p.
1091 3378 1156 3485 83.

342 3526 378 3607 5.
408 3496 587 3606 Epistola
607 3494 711 3578 Petri
729 3496 890 3579 Martiri
909 3498 957 3579 ad
977 3504 1175 3580 Bucerum
1195 3498 1242 3580 de
1261 3497 1376 3580 causa
1395 3517 1435 3580 et
1452 3498 1698 3608 argumentis
1718 3505 1834 3611 Mag.

412 3619 565 3727 Yungi,
584 3620 678 3700 data
699 3624 833 3700 Oxon.
856 3649 902 3728 31
924 3626 1031 3727 Aug.
1058 3650 1071 3702 1
1082 3648 1103 3729 ς
1110 3651 1174 3729 50,
1198 3640 1239 3730 p.
1261 3652 1326 3728 91.

340 3742 379 3822 6.
409 3739 587 3851 Epistola
603 3741 784 3851 [Martiri
800 3742 848 3823 ad
864 3744 1064 3852 quendam
1080 3741 1326 3854 episcopum]
1346 3743 1416 3826 ubi
1432 3743 1569 3827 multis
1586 3745 1838 3856 argumentis

408 3881 551 3948 contra
568 3864 839 3973 Augustinum
855 3867 1012 3975 probat,
1029 3867 1138 3976 quod
1151 3867 1238 3976 post
1257 3866 1406 3973 iustum
1420 3866 1639 3952 divortium
1653 3868 1840 3981 utrisque

412 3986 503 4096 iicet
531 3989 654 4069 altero
679 3986 882 4098 superstite
906 3988 1212 4072 matrimonium
1235 3991 1369 4071 denuo
1389 3991 1634 4090 contrahere,
1665 3993 1757 4075 data
1786 4023 1837 4105 17

411 4111 526 4193 Febr.
553 4139 670 4219 1542,
693 4131 735 4221 p.
757 4142 821 4219 95.

341 4264 381 4344 7.
411 4233 589 4344 Epistola
606 4232 808 4343 [Martiri]
833 4235 882 4315 ad
901 4239 1099 4318 Bucerum
1118 4236 1166 4319 de
1186 4235 1290 4318 statu
1310 4236 1550 4335 Germaniae,
1573 4257 1615 4349 p.
1642 4268 1731 4347 103.

343 4359 380 4438 8.
410 4357 588 4468 Epistola
606 4354 767 4440 Martiri
789 4358 837 4437 ad
857 4362 1056 4440 Bucerum
1075 4358 1337 4441 consolatoria
1364 4361 1411 4440 de
1430 4360 1579 4442 morbis
1598 4379 1638 4444 et
1657 4361 1741 4443 aliis
1764 4361 1840 4442 ad-

410 4481 525 4562 versis
545 4509 635 4588 quae
655 4484 807 4562 Bucero
828 4480 1063 4577 acciderant,
1083 4482 1176 4563 data
1196 4486 1330 4563 Oxon.
1358 4484 1402 4563 18
1425 4488 1521 4565 Dec.
1542 4503 1585 4593 p.
1614 4512 1700 4594 107.

344 4632 382 4709 9.
413 4601 617 4685 Atreatife
635 4600 877 4711 concerning
890 4602 957 4683 the
977 4603 1204 4686 immediate
1221 4604 1345 4712 going
1361 4625 1404 4686 to
1417 4607 1568 4688 heaven
1583 4606 1632 4689 of
1646 4609 1713 4689 the
1729 4606 1840 4692 souls

382 4721 432 4805 of
454 4724 520 4805 the
541 4722 705 4807 faithful
725 4725 873 4807 fathers
899 4725 1032 4808 before
1052 4727 1197 4825 Christ,
1223 4730 1302 4808 and
1320 4729 1410 4809 that
1428 4730 1561 4813 Christ
1579 4730 1648 4812 did
1671 4747 1744 4813 not
1763 4733 1840 4813 de-

382 4844 496 4927 scend
516 4847 603 4927 into
623 4847 716 4943 hell,
737 4846 896 4931 written
918 4851 970 4959 by
988 4848 1247 4961 Christopher
1268 4851 1425 4948 Carlile‚
1448 4871 1489 4962 p.
1518 4883 1606 4935 111.

1708 4989 1734 5023 ..
1755 4948 1852 5062 rrrc'

544 5225 594 5310 6.]
611 5226 704 5294 Extat
719 5229 799 5294 inter
813 5231 997 5297 collectanea
1014 5233 1141 5300 Ioannis
1155 5232 1261 5303 Barret
1277 5235 1437 5302 CXXIV.
1450 5249 1481 5321 p.
1504 5256 1574 5302 121.
