4244 5910
861 589 1143 684 XXXVIII.
1739 622 1817 720 ²3.

326 810 387 866 12.
407 776 539 863 ¹Casus
558 779 601 863 in
622 775 770 888 quibus
790 779 898 888 Papa
916 776 1135 890 dispensare
1153 804 1237 859 non
1255 777 1395 889 potest,
1413 778 1488 886 fol.¹
1509 779 1573 884 64.

326 935 341 988 1
351 939 388 1014 3.
418 901 540 984 Casus
559 901 603 983 in
623 900 770 1011 quibus
790 900 894 982 solus
914 904 1022 1011 Papa
1042 898 1258 1010 dispensare
1278 901 1419 1010 potest,
1440 901 1529 981 ibid.

323 1057 384 1133 14.
414 1023 630 1107 Trauatus
649 1025 697 1104 de
716 1020 1070 1132 dispensationibus
1090 1021 1379 1132 episcoporum,
1396 1023 1470 1131 sol.
1491 1025 1557 1129 69.

327 1179 342 1231 1
352 1177 389 1258 ς.
418 1144 541 1228 Casus
559 1144 604 1234 in
623 1143 770 1255 quibus
790 1143 995 1254 episcopus
1016 1171 1099 1224 non
1118 1142 1323 1253 dispensat,
1339 1142 1414 1253 sol.
1435 1171 1502 1253 71.

326 1274 388 1354 16.
418 1266 635 1351 Traslatus
646 1268 694 1348 de
703 1263 1058 1378 dispensationibus
1074 1267 1298 1374 legatorum
1310 1264 1405 1347 sedis
1417 1263 1652 1376 apostolicae,
1656 1265 1809 1377 sol.73.

325 1421 389 1504 17.
419 1387 524 1496 Quis
542 1388 590 1473 fit
608 1390 761 1497 legatus
780 1405 821 1468 et
839 1387 937 1497 quid
958 1389 1008 1468 ad
1027 1386 1205 1508 osticium
1224 1387 1344 1496 legati
1362 1387 1547 1497 pertinet,
1567 1388 1656 1468 ibid.

326 1514 389 1598 18.
418 1516 482 1594 De
500 1508 854 1620 dispensationibus
874 1509 1190 1620 patriarcharum
1210 1527 1249 1589 et
1269 1507 1504 1619 primatum,
1520 1510 1595 1618 sol.
1616 1536 1642 1618 7
1646 1537 1682 1617 5.

327 1665 389 1747 19.
417 1638 481 1717 De
499 1630 784 1743 dispensatione
803 1632 1010 1728 abbatum,
1031 1632 1120 1714 ibid.

323 1786 389 1841 20.
419 1759 482 1838 De
500 1751 645 1836 effectu
663 1751 974 1864 dispensationis,
990 1754 1066 1863 fol.
1086 1757 1152 1866 76.

324 1908 389 1967 21.
418 1883 497 1962 Pro
512 1876 659 1986 quibus
672 1874 799 1988 culpis
815 1874 861 1956 fit
876 1874 1059 1987 penitens
1070 1877 1121 1958 ad
1135 1873 1363 1986 episcopum
1377 1873 1653 1981 remittendus,
1657 1877 1732 1986 fid.
1745 1901 1798 1985 77
1808 1938 1816 1983 ,ᾗ

255 2045 259 2051 ·
324 2031 390 2089 22.
420 1997 636 2083 Trasiatus
656 1999 705 2080 de
724 1996 952 2109 penitentiis
971 2017 1011 2080 et
1030 1997 1333 2098 remiffionibus,
1349 2001 1424 2109 sol.
1444 2000 1511 2108 78.

324 2154 391 2235 23.
420 2129 602 2205 Aureum
622 2119 852 2205 memoriale
871 2118 1150 2218 consessorum,
1166 2122 1241 2228 fol.
1263 2123 1327 2205 80.
1427 2224 1429 2228 ,

326 2276 390 2353 24.
420 2243 696 2354 Expofitiones
719 2244 976 2354 quorundam
993 2244 1221 2340 verborum,
1238 2244 1313 2352 sol.
1336 2245 1400 2352 85.

327 2397 350 2451 2
356 2397 393 2479 5.
422 2368 584 2449 Tabula
602 2366 787 2476 quaedam
806 2367 853 2448 de
871 2363 1026 2447 diverfis
1045 2364 1175 2447 titulis
1193 2366 1465 2463 decretalium,
1480 2366 1555 2476 fol.
1576 2365 1641 2447 86.

328 2493 393 2575 26.
424 2489 584 2571 Tabula
616 2486 818 2571 distorum
855 2486 1084 2572 Innocentis
1124 2487 1172 2570 de
1207 2486 1365 2571 diversrs
1398 2487 1527 2570 titulis
1561 2484 1817 2570 decretalium

424 2626 716 2722 excerptorum,
735 2609 825 2692 ibid.
861 2602 866 2615 ¹
924 2718 928 2723 Α
1251 2706 1254 2711 Ι
1381 2698 1384 2705 ,

328 2764 394 2847 27.
424 2733 556 2832 Brevis
575 2731 824 2816 continentia
840 2733 1017 2817 materiae
1034 2734 1297 2836 decretorum,
1312 2734 1387 2846 sol.
1413 2759 1501 2842 117.

329 2858 395 2940 28.
424 2856 586 2939 Tabula
604 2854 718 2968 super
735 2858 959 2954 decretales,
974 2857 1050 2967 fol.
1077 2883 1120 2968 13
1128 2885 1166 2967 5.

330 3007 395 3089 29.
425 2978 589 3059 Tabula
606 2977 721 3088 super
739 2979 907 3075 decreta,
923 2979 999 3086 fol.
1023 2981 1111 3087 169.

330 3131 397 3213 3ο.
426 3098 724 3201 Concordantia
740 3100 991 3180 decretorum
1010 3100 1059 3180 ad
1079 3098 1220 3183 titulos
1238 3093 1508 3198 decretalium,
1524 3102 1600 3211 fol.
1620 3128 1712 3210 309.

331 3252 397 3334 3ι.
425 3220 740 3333 Explanationes
754 3220 969 3305 verborum
986 3221 1135 3331 legum,
1150 3223 1226 3332 sol.
1247 3250 1340 3331 3¹0·

892 3440 1208 3569 XXXIX.

331 3601 446 3686 Codex
462 3604 745 3686 membranaceus
762 3604 916 3715 infolio,
924 3605 1042 3718 seculo
1058 3636 1112 3688 xv
1129 3623 1313 3704 exaratus,
1333 3600 1457 3718 inquo
1474 3608 1687 3704 continetur,
1737 3693 1740 3699 ,

334 3725 569 3836 Pantalogia
590 3752 725 3810 rerum
742 3726 1004 3826 naturalium,
1024 3724 1094 3811 lib.
1113 3746 1178 3812 bru.
1196 3729 1318 3844 defient
1334 3730 1480 3844 reliqui.

976 3943 1114 4065 XL.
1153 3992 1188 4028 ⁴

334 4105 450 4188 Codex
467 4087 750 4191 membranaceus
768 4109 923 4221 infolio,
930 4110 1049 4220 stculo
1065 4112 1136 4193 xio
1152 4129 1337 4210 exaratus,
1357 4104 1480 4223 inquo
1499 4113 1735 4204 continemur,
1766 4208 1769 4215 Ι
1931 4114 1935 4125 ’

334 4227 531 4310 Francisci
549 4229 771 4312 Petrarchae
789 4233 837 4312 de
854 4229 1071 4329 Florentia,
1092 4232 1252 4318 lauriati
1269 4249 1397 4345 poetae
1411 4235 1459 4315 de
1477 4227 1658 4314 remediis
1676 4226 1825 4311 utrius-

283 4375 362 4461 que
380 4348 569 4451 sortunae,
592 4351 662 4434 lib.
688 4381 749 4437 11.
1862 4352 1865 4358 ’

1514 4499 1517 4505 ·
1576 4470 1685 4560 XLI.
1713 4431 1841 4553 naa

340 4788 521 4874 XXXIX]
538 4792 602 4862 Vct.
618 4792 684 4858 Cot.
698 4791 735 4862 P.
756 4795 806 4861 16.
823 4792 919 4861 MSS.
935 4794 1020 4878 Angl.
1043 4816 1056 4862 1
1061 4812 1243 4885 sto-243.

341 4905 435 4996 XL]
451 4911 515 4983 Vct.
531 4915 598 4984 Cat.
614 4911 651 4982 P.
670 4912 719 4984 18.
735 4912 832 4986 MSS.
848 4915 933 4998 Angi.
950 4935 1153 5096 15205253.
1190 4980 1200 4990 .
