4214 5910
298 680 360 778 26

363 712 397 802 4
857 872 1280 992 CLXXXIV.

343 1044 463 1136 codex
478 1042 759 1130 membranaceus
775 1042 815 1124 iu
819 1039 930 1150 folio,
934 1038 1054 1150 seculo
1070 1039 1131 1120 xir'
1133 1039 1310 1150 scriptus,
1329 1039 1370 1121 in
1389 1066 1454 1151 quo
1472 1039 1688 1138 continetur}
1726 1076 1729 1081 ·
1770 1082 1786 1104 «-

351 1165 510 1305 EuIebII
528 1160 769 1304 Cnsarienfis
795 1160 959 1246 histon’a
976 1157 1239 1259 ecclefiastica,
1258 1160 1328 1244 lib.
1342 1159 1396 1244 Ix.
1416 1187 1512 1244 cum
1529 1159 1835 1277 continuatione

295 1289 642 1530 Rut’aedld’rehngsldlii
652 1409 863 1522 inscribitur
882 1420 908 1458 “
922 1406 1088 1518 Historia
1097 1408 1320 1520 eccleſsessica
1325 1425 1397 1518 per
1406 1406 1610 1492 Ricardum
1618 1411 1835 1495 monachum.

861 1594 1251 1712 CLXXXV.

343 1764 462 1850 Codex
480 1762 686 1847 chartaceus
705 1763 745 1843 r'n
751 1760 861 1873 solio,
869 1760 988 1872 stculo
1004 1761 1255 1871 xviscrr'ptus,
1274 1760 1465 1857 continens,

346 1885 517 1971 Martini
541 1882 682 1970 Buceri
709 1882 917 1965 confilium
946 1880 1231 1992 theologicum,
1262 1879 1305 1963 in
1330 1879 1535 1987 cujusdam
1561 1877 1637 1963 viri
1663 1881 1833 1990 gratiam

290 2009 477 2127 privatim
496 2006 762 2118 conscriptum
784 2032 892 2087 anno
916 2032 1033 2114 1541,
1061 2030 1143 2116 quo
1168 2003 1382 2088 autotitate
1402 2001 1598 2086 sacrarum
1625 1996 1833 2089 literarum

290 2118 509 2217 ostenderet
535 2157 588 2211 an
613 2146 654 2210 et
680 2145 878 2238 quatenus
907 2126 1110 2209 christiani
1137 2127 1181 2210 in
1198 2124 1362 2211 ecclefiis
1389 2122 1597 2237 pontificia
1623 2128 1835 2236 tyrannide

285 2255 419 2341 adhuc
436 2251 567 2364 presfis
587 2253 785 2359 degentes,
811 2248 975 2332 illarum
991 2247 1136 2334 ritibus
1154 2264 1195 2330 et
1217 2246 1514 2359 peractionibus
1533 2249 1831 2333 communicare

285 2374 445 2489 poffint,
459 2372 555 2484 quis
571 2399 732 2483 quoque
749 2368 1060 2483 uniuscujusque
1078 2370 1178 2454 ritus
1197 2369 1244 2453 stt
1257 2368 1349 2453 fons
1368 2396 1482 2453 verus
1503 2366 1593 2453 usus
1612 2386 1653 2453 et
1670 2372 1828 2457 abusus.

854 2550 1262 2693 CLXXXVI.

333 2724 455 2810 Codex
471 2722 753 2806 membranaceus
771 2723 926 2833 infolio,
932 2725 1051 2838 stculo
1069 2723 1322 2835 xiuscrrsptus,
1342 2722 1383 2804 in
1401 2752 1467 2835 quo
1483 2723 1722 2821 continentur,

345 2877 381 2930 1.
411 2844 695 2955 Distinffiones
714 2843 950 2941 verfificatae,
973 2845 1042 2928 lib.
1058 2873 1097 2928 x.

338 2997 377 3053 2.
407 2967 624 3051 Numerale
642 2965 835 3051 Gulielmi
853 2967 901 3050 de
921 2966 1148 3050 Montibus.

826 3152 1277 3271 CLXXXVII.

336 3319 451 3400 Codex
467 3317 748 3401 membranaceus
766 3319 920 3426 infolio,
927 3319 1046 3428 seculo
1062 3319 1303 3429 xiiscriptus‚
1322 3319 1364 3399 in
1382 3349 1448 3430 quo
1465 3323 1678 3420 continetur,

337 3439 494 3522 Eusebii
514 3439 755 3522 Caesariensts
784 3439 945 3522 historia
966 3440 1227 3540 ecclestastica,
1250 3439 1317 3523 lib.
1332 3439 1385 3523 in.
1409 3470 1457 3524 ex
1475 3439 1649 3527 verstone
1666 3444 1830 3531 Ruffini

279 3590 374 3646 cum
392 3560 694 3643 continuatione
712 3560 896 3669 ejusdem,
919 3562 988 3644 lib.
1004 3563 1045 3645 ii.

812 3749 1293 3865 CLXXXVIII.
1429 3727 1432 3732 ⁸

329 3914 450 3997 Codex
477 3914 763 4009 membranaceae
787 3914 828 3992 in
848 3913 944 4022 folio
975 3916 1106 3996 minor.
1135 3916 1236 4025 lenge
1264 3934 1349 3999 unte
1376 3919 1653 4031 cunquisttr'ouern
1669 3921 1834 4030 Angliae

275 4057 462 4132 exaratus,
481 4038 521 4117 in
540 4067 604 4146 quo
623 4037 835 4131 continetur,
986 4078 988 4082 ·

329 4157 614 4262 Homeliarum
635 4155 920 4257 Saxonicamtn
939 4177 1074 4242 tomus
1095 4157 1250 4247 tertius.

1412 4289 1676 4370 chxxlx
1707 4242 1834 4374 cun

330 4541 569 4624 CLXXXIV]
587 4542 649 4610 Vct.
665 4543 732 4607 Cet.
749 4541 824 4608 Sub.
840 4542 885 4608 D.
903 4565 933 4629 3.
952 4542 1050 4609 MSS.
1069 4543 1151 4626 Angl.
1172 4546 1372 4633 1628-361.

331 4636 572 4718 CLXXXIV]
588 4637 657 4704 Vedr
671 4635 909 4703 CLXXXVII.

331 4730 555 4812 CLXXXV]
572 4730 634 4797 Vct.
651 4734 719 4796 Cet.
737 4730 827 4797 Misc.
848 4733 897 4798 16.

331 4823 571 4906 CLXXXVI]
589 4821 650 4889 Vct.
670 4826 735 4891 Cet.
751 4826 784 4892 P.
802 4848 854 4895 22.
872 4826 972 4895 MSS.
987 4828 1070 4911 Angl.
1092 4829 1285 4916 1516··249.

328 4917 582 5000 CLXXXVII.]
600 4919 663 4986 Vct.
680 4921 747 4984 Cat.
766 4924 805 4985 A.
824 4943 853 5008 3.
868 4922 964 4988 MSS.
981 4925 1066 5005 Aegl.
1086 4943 1236 5013 1279··3.
1298 4930 1300 4935 ’

327 5012 586 5094 eLxxxv11.]
603 5014 671 5081 Vite
686 5014 907 5082 CLXXXIV.
1014 5050 1018 5057 ·
1186 5047 1190 5056 ·

327 5109 601 5192 CLXXXVIII]
618 5111 670 5180 Vct
687 5112 752 5179 Cet.
768 5112 799 5178 S.
818 5136 848 5200 7.
862 5113 960 5185 MSS.
973 5117 1057 5201 Angl.
1078 5116 1279 5209 1533-,266.

1939 874 1966 1001 I.
