4244 5910
937 649 1019 745 Ἦ.
1718 684 1778 778 μ

385 841 561 950 singulos
587 837 832 951 episcopatus
854 837 1012 947 Angliae
1045 836 1408 952 persolvendorum,
1439 868 1484 921 ex
1506 839 1653 949 registro
1675 859 1782 951 prae-
1879 816 1884 826 ’

383 964 489 1061 dis-lo,
506 963 581 1072 fol.
605 964 698 1061 261,
716 981 760 1073 p.
782 993 874 1072 323·

285 1114 351 1198 33.
379 1089 579 1196 Excerpta
596 1113 644 1168 ex
663 1085 827 1193 registro
845 1086 953 1171 Eccl.
974 1085 1135 1170 Cicestr.
1162 1084 1240 1168 viz.
1268 1112 1300 1166 1.
1322 1090 1389 1167 De
1402 1082 1660 1169 transsatione
1682 1085 1778 1170 sedis

381 1207 610 1322 episcopalis
634 1235 658 1291 a
682 1207 824 1291 Celifia
847 1212 896 1292 ad
923 1207 1177 1293 Cicestriam:
1210 1234 1247 1289 2.
1267 1212 1330 1290 De
1353 1209 1469 1293 donis
1497 1208 1657 1293 Ricardi
1681 1210 1781 1322 epis-

380 1331 473 1444 copi
502 1331 610 1441 regia
634 1355 744 1414 carta
769 1331 1039 1416 confirmatis:
1078 1361 1115 1441 3.
1141 1336 1281 1414 Breues
1311 1350 1419 1414 notae
1449 1332 1621 1416 aliarum
1646 1355 1778 1418 carta-

380 1481 498 1539 rum:
528 1483 568 1561 4.
586 1454 739 1537 Charta
764 1460 802 1538 S.
823 1454 985 1539 Ricardi
1009 1454 1180 1567 episcopi
1205 1457 1255 1537 de
1276 1455 1575 1567 comparatione
1598 1457 1781 1548 facienda

380 1574 551 1661 infestis
578 1576 729 1690 paschae
748 1595 789 1660 et
805 1578 1072 1690 pentecostes:
1106 1609 1143 1687 3.
1164 1583 1226 1660 De
1243 1578 1551 1688 congregatione
1579 1581 1624 1664 in
1643 1589 1780 1672 Lewes

380 1717 422 1784 et
449 1699 641 1810 Hastings
670 1699 877 1786 facienda:
911 1705 950 1785 6.
976 1701 1283 1785 Testamentum
1312 1706 1357 1784 Β.
1382 1700 1543 1785 Ricardi
1571 1709 1781 1816 quondam

379 1823 541 1907 Cicestr.
563 1823 748 1936 episcopi.

286 1977 352 2062 34.
379 1951 504 2031 Metae
525 1946 630 2030 inter
647 1946 862 2031 comitatus
882 1947 1172 2057 Huntingdon,
1200 1947 1508 2061 Northampton
1532 1968 1572 2033 et
1591 1957 1784 2044 Cantebr.

380 2091 594 2182 compertae
612 2098 683 2182 per
699 2070 998 2182 inquisitionem
1021 2069 1172 2153 fastam
1193 2072 1248 2153 28
1266 2074 1373 2154 Hen.
1394 2076 1467 2154 Ill.
1490 2092 1533 2184 p.
1556 2105 1648 2185 330.

283 2224 348 2307 33.
379 2193 580 2278 Confessio
595 2194 900 2305 templariorum
914 2195 962 2277 de
977 2193 1215 2306 quibusdam
1231 2192 1407 2278 articulis
1426 2223 1501 2307 pro
1516 2198 1665 2306 quibus
1681 2230 1781 2288 con-

380 2317 558 2400 demnati
577 2317 759 2415 fuerunt,
781 2337 823 2428 p.
847 2348 867 2427 3
875 2348 939 2427 31·
1369 2321 1371 2327 '

285 2445 350 2553 36.
382 2442 603 2522 Succeshon
630 2439 679 2523 os
702 2468 825 2553 popcs
853 2438 960 2523 from
983 2441 1168 2523 Clement
1185 2469 1224 2538 v,
1253 2457 1297 2524 to
1316 2445 1481 2551 Eugene
1500 2441 1553 2526 iv.
1581 2463 1642 2528 out
1662 2447 1710 2556 of
1722 2450 1785 2533 D.

381 2566 485 2648 Yales
502 2565 595 2662 book,
619 2584 660 2675 p.
683 2595 775 2674 334.

283 2716 351 2800 37.
381 2693 444 2769 De
476 2687 733 2769 abusronibus
763 2687 809 2769 in
837 2683 1008 2770 vestibus
1039 2717 1085 2769 ex
1106 2686 1348 2799 polychronico
1372 2690 1431 2771 D.
1456 2693 1498 2770 Y
1489 2689 1545 2770 ale
1574 2691 1626 2773 ad
1649 2723 1785 2780 atinum

388 2841 401 2893 1
465 2842 504 2916 4,
562 2874 570 2892 .
677 2875 685 2892 .

287 2936 352 3047 38.
385 2829 703 3015 (is9thepcuit3dm
721 2931 770 3015 of
785 2932 1011 3050 Gavellrind
1029 2931 1134 3015 from
1156 2934 1225 3013 W.
1246 2933 1450 3030 Lambert,
1473 2952 1516 3044 p.
1538 2941 1632 3045 336.

287 3090 351 3171 39.
382 3056 474 3140 The
500 3056 594 3138 lives
623 3054 671 3136 os
698 3056 794 3166 holy
820 3053 1000 3152 saindtcs,
1027 3054 1253 3167 prophetes,
1280 3054 1520 3164 patriarches
1546 3062 1625 3140 and
1649 3060 1783 3145 others

381 3179 605 3289 contayned
630 3178 674 3262 in
698 3177 815 3288 holye
833 3176 1024 3289 scripture
1047 3179 1099 3288 by
1119 3177 1229 3286 John
1249 3177 1477 3275 Marbecke,
1490 3181 1647 3291 printed
1665 3210 1783 3295 1574,

287 3427 354 3506 60.
374 3320 592 3534 isdnipora
609 3423 757 3534 quibus
778 3421 1016 3506 monasteria
1036 3420 1328 3520 fundabantur,
1351 3441 1394 3533 p.
1414 3453 1509 3535 431.

284 3549 350 3629 61.
380 3547 560 3659 Epistola
589 3546 721 3628 Rabbi
756 3546 948 3628 Samuelis
982 3544 1100 3652 Judci
1133 3545 1183 3626 ad
1214 3544 1345 3627 Rabbi
1374 3545 1496 3630 Ysaac
1530 3552 1706 3656 Judcum
1736 3555 1785 3637 de

379 3668 600 3781 prophetiis
621 3667 761 3750 veteris
781 3667 1030 3751 Testamenti
1050 3665 1239 3748 transsata
1262 3670 1310 3749 de
1331 3668 1506 3753 Arabico
1524 3670 1569 3753 in
1588 3675 1783 3759 Latinum

380 3821 453 3905 per
470 3793 633 3875 fratrem
656 3791 871 3874 Alsonsum
897 3791 1000 3873 Boni
1025 3789 1217 3874 Hominis
1238 3790 1478 3903 Hyspanum
1504 3793 1655 3880 ordinis
1680 3826 1784 3910 prae-

381 3916 622 4013 dicatorum,
643 3918 735 4026 typis
753 3914 929 4025 impreffla,
953 3936 994 4024 p.
1014 3943 1108 4023 433.

285 4044 350 4122 62.
380 4043 501 4121 Carta
523 4037 716 4121 Saxonica
740 4038 789 4117 de
813 4038 926 4119 terris
947 4035 1194 4118 ornamentis
1219 4035 1461 4119 vestimentis
1480 4058 1519 4120 et
1544 4040 1654 4123 libris
1681 4072 1783 4153 quos

382 4160 589 4244 Leofricus
622 4160 826 4271 episcopus
856 4159 964 4240 dedit
995 4156 1160 4239 ecclesiae
1192 4157 1366 4240 cathedr.
1397 4163 1528 4242 Exon.
1562 4193 1605 4245 ex
1637 4167 1784 4276 quodam

381 4286 523 4368 recordo
545 4284 691 4394 &cosdem
710 4281 864 4390 ecclestae.

941 4456 1071 4572 CII.

284 4625 400 4708 Codex
417 4625 624 4705 chartaceus
644 4621 802 4730 infolio,
808 4624 926 4734 pado
943 4623 1195 4733 xvistrtptus,
1214 4622 1255 4704 in
1274 4625 1595 4734 pronominantur,

291 4777 325 4830 1.
355 4745 586 4858 Disputatio
620 4743 781 4857 publica
812 4747 950 4859 habita
979 4742 1248 4853 Cantabrigiae
1278 4746 1383 4828 inter
1411 4750 1474 4828 M.
1493 4752 1693 4831 Bucemm
1722 4777 1783 4831 re-

1662 4873 1781 4983 spon-

797 5142 1208 5232 mmmmnno
