4214 5910
950 618 1129 723 EXHh
1775 661 1838 763 43

294 808 454 899 minum
480 811 715 927 pertinebat,
741 828 831 895 orat
847 808 973 932 igitur
997 829 1044 904 ut
1063 810 1213 899 didam
1238 812 1567 924 presentationem
1592 838 1840 935 acceptantes

293 936 431 1021 omnia
455 966 546 1048 qua
571 937 720 1020 restant
735 934 916 1018 facienda
937 930 1105 1019 fideliter
1129 958 1390 1047 exequantur.
1408 984 1465 1004 -·
1485 944 1500 1048 (
1507 941 1549 1051 3)
1572 943 1750 1054 Epistola
1769 946 1838 1031 W.

163 1107 166 1114 -
290 1062 340 1141 de
357 1060 395 1142 la
414 1064 588 1142 Cernere
615 1087 728 1170 papae
747 1054 941 1168 capellani
959 1056 1009 1138 ad
1027 1052 1272 1168 suppriorem
1292 1057 1457 1144 ecclesiae
1478 1062 1623 1147 Christi
1642 1067 1836 1153 Cantuar.

290 1200 338 1265 ut
362 1181 480 1267 latori
504 1183 666 1294 plenam
687 1180 784 1262 velit
808 1178 992 1291 adhibere
1015 1176 1218 1265 fiduciam.
1236 1229 1293 1245 -
1315 1185 1379 1290 (4)
1403 1183 1608 1294 Obligatio
1631 1187 1773 1298 prioris
1795 1208 1837 1277 et

287 1303 453 1414 capituli
480 1303 646 1389 ecclesrae
676 1301 824 1389 Christi
855 1304 1048 1388 Cantuar.
1083 1301 1134 1384 ad
1162 1299 1394 1388 solvendum
1426 1307 1602 1391 dominre
1631 1310 1834 1398 Katerinae

285 1428 427 1512 Lovell
442 1431 658 1513 LXXVIII
678 1452 831 1546 marcas
851 1425 902 1507 ab
916 1422 1053 1509 eadem
1071 1423 1237 1509 domina
1255 1446 1401 1509 mutuo
1417 1447 1608 1540 acceptas,
1626 1431 1708 1514 dat.
1728 1437 1833 1519 1268

286 1547 419 1634 mense
443 1548 572 1662 aprili.
590 1595 648 1617 -
668 1553 682 1655 (
690 1550 732 1656 ς)
754 1545 934 1661 Epistola
952 1551 1003 1628 A.
1023 1543 1166 1655 prioris
1185 1563 1224 1630 et
1244 1546 1357 1632 electi
1376 1553 1495 1635 Cant.
1517 1552 1568 1637 ad
1588 1551 1833 1667 suppriorem

284 1687 323 1752 et
342 1669 566 1783 capitulum
599 1669 786 1778 ejusdem,
822 1668 932 1780 quod
968 1665 1060 1782 acta
1093 1667 1209 1780 super
1246 1667 1552 1757 confirmatione
1583 1675 1749 1764 Roberti
1783 1681 1832 1764 de

284 1792 574 1909 Withampton
591 1793 707 1877 electi
726 1787 1015 1876 Sarilburiensrs
1039 1790 1091 1873 ab
1114 1790 1315 1902 aliquibus
1342 1793 1541 1879 advocatis
1560 1799 1747 1898 correcta,
1773 1802 1853 1886 eis

283 1914 559 2002 confirmanda
579 1917 698 2001 mifit.
709 1962 768 1981 -
784 1915 848 2026 (6)
871 1908 1139 1997 Confirmatio
1155 1913 1360 1998 elediionis
1378 1915 1551 2025 ejusdem
1570 1922 1737 2006 Roberti
1760 1949 1831 2035 per

283 2039 507 2153 capitulum
535 2045 731 2123 Cantuar.
749 2065 880 2150 ,1270.
908 2082 966 2102 -
987 2036 1052 2146 (7)
1078 2039 1226 2120 Forma
1259 2037 1431 2151 epistola
1461 2039 1751 2153 supplicatorias
1784 2068 1832 2131 ut

282 2189 416 2275 preces
438 2161 542 2248 fiant
569 2192 644 2276 pto
669 2161 805 2247 anima
828 2157 1022 2244 defuncti.
1038 2204 1098 2225 -··
1118 2161 1181 2269 (8)
1206 2163 1405 2270 Qaedam
1430 2161 1478 2245 de
1506 2162 1576 2246 lite
1601 2163 1705 2248 inter
1730 2167 1829 2280 epil-

281 2311 406 2398 copos
431 2285 695 2399 suffiaganeos
724 2301 764 2368 et
787 2281 1012 2396 capitulum
1038 2286 1233 2366 Cantuar.
1264 2282 1366 2368 circa
1390 2283 1625 2395 eleb'tionem
1650 2288 1834 2376 officialis

281 2408 403 2494 curiae
418 2413 538 2497 Cant.
554 2408 638 2495 sede
651 2423 827 2491 vacante.
838 2452 895 2473 -
911 2403 976 2517 (9)
990 2406 1138 2491 Forma
1153 2403 1325 2516 epistolae
1339 2433 1363 2490 a
1376 2407 1577 2494 monacho
1591 2410 1641 2492 ad
1655 2412 1829 2527 priorem

281 2530 331 2614 dc
348 2549 478 2616 morte
496 2530 628 2616 amici.
646 2575 704 2596 -
724 2530 817 2640 (ιο)
839 2524 1164 2613 Procuratorium
1182 2526 1348 2640 capituli
1369 2535 1562 2615 Cantuar.
1579 2579 1637 2598 -
1657 2540 1750 2646 (11)
1771 2540 1828 2618 E·

279 2653 425 2765 pistola
440 2654 625 2741 scholaris
642 2650 848 2762 cujusdam
870 2655 1005 2736 Oxon.
1029 2650 1080 2735 ad
1105 2652 1306 2763 quendam
1331 2655 1576 2739 monachum
1602 2657 1651 2739 de
1674 2655 1828 2768 ratione

279 2775 505 2862 studiorum
523 2776 688 2862 suorum
707 2793 746 2858 et
770 2775 857 2859 aliis
883 2773 1066 2887 negotiis.
1085 2820 1143 2840 ·-
1163 2776 1256 2884 (12)
1277 2774 1454 2888 Epistola
1471 2776 1637 2890 capituli
1662 2779 1827 2866 ecclefiae

280 2905 423 2986 Sarum
442 2901 493 2983 ad
509 2901 734 3014 capitulum
753 2894 918 2982 ecclesrae
936 2903 1055 2982 Cant.
1073 2945 1132 2964 -
1144 2896 1290 2982 obnixe
1308 2920 1452 3010 rogant
1469 2919 1531 2999 ut,
1557 2928 1653 2984 cum
1670 2903 1826 2988 ecclesra

280 3027 423 3109 Sarum
448 3024 598 3109 multas
623 3019 729 3137 passa
752 3022 800 3107 fit
825 3017 992 3127 injurias
1017 3049 1093 3133 pro
1117 3019 1335 3105 reverentia
1357 3051 1481 3132 quam
1507 3041 1686 3136 tempore
1710 3052 1826 3111 vaca·

278 3144 402 3231 tionis
432 3145 616 3232 exhibuit
646 3143 811 3230 ecclefiae
842 3146 962 3228 Cant.
995 3170 1082 3228 non
1115 3160 1264 3255 negent
1297 3143 1512 3228 micionem
1547 3147 1826 3258 appellationis

278 3273 444 3384 propter
458 3269 627 3380 alicujus
643 3265 764 3353 curiae
778 3265 841 3351 vel
854 3261 1013 3351 curialis
1031 3265 1267 3378 potentiam.
1282 3310 1340 3331 --
1358 3276 1374 3378 (
1384 3297 1398 3349 1
1407 3275 1451 3378 3)
1468 3267 1650 3381 Epistola
1659 3269 1826 3380 capituli
1847 3259 1851 3269 ’

279 3399 401 3478 Cant.
424 3393 475 3475 ad
498 3390 638 3477 omnia
661 3388 899 3475 monasteria
916 3385 1067 3473 ordinis
1094 3393 1131 3472 S.
1151 3386 1354 3474 benedicti
1371 3392 1421 3472 de
1444 3388 1513 3474 lite
1530 3407 1619 3474 orta
1635 3389 1825 3476 intereos

277 3533 321 3600 et
342 3512 683 3629 archiepiscopum
700 3512 829 3601 suum.
848 3558 906 3579 -
925 3511 1019 3622 (14)
1041 3508 1223 3596 Donatio
1240 3534 1386 3594 annua
1407 3511 1606 3625 penfionis
1628 3542 1654 3598 x
1672 3541 1824 3601 marca·

278 3666 372 3723 rum
390 3635 499 3722 sabla
515 3637 705 3750 magistro
722 3638 793 3722 W.
812 3635 860 3719 de
879 3634 919 3719 la
934 3638 1112 3719 Comere
1128 3660 1199 3746 per
1215 3633 1442 3747 capitulum
1459 3639 1577 3719 Cant.

336 3788 403 3846 21.
431 3742 624 3875 Epistola
637 3763 734 3846 CIII
753 3754 944 3845 Bemardi
961 3755 1281 3842 Claraevallenfis.

336 3913 402 3971 22.
432 3887 648 3997 Speculum
664 3884 855 3968 humanae
873 3876 1112 4005 salvationis,
1133 3879 1306 3963 verfibus
1326 3879 1481 3966 Latinis
1500 3881 1719 3996 rythmicis.

335 4034 358 4091 2
363 4039 401 4120 3.
431 4010 575 4091 Seneca
592 4008 641 4091 de
660 4023 839 4119 quatuor
856 4002 1074 4092 virtutibus
1093 4000 1372 4104 cardinalibus.

336 4159 403 4238 24.
432 4131 543 4214 Idem
560 4132 610 4213 de
627 4144 859 4244 paupertate
876 4125 1053 4212 honesta.

335 4281 402 4365 25.
430 4253 564 4337 Breuis
593 4271 635 4338 et
664 4250 794 4337 valida
824 4246 1031 4336 meditatio
1064 4245 1113 4331 de
1143 4244 1343 4330 beneficiis
1373 4246 1451 4330 Dei
1486 4242 1657 4358 ejusdem
1687 4253 1819 4337 Bona·-

430 4393 623 4465 venturae.

933 4490 1168 4619 LXIV.

333 4672 447 4761 codex
463 4671 745 4760 membranaceus
761 4664 916 4782 infolio,
921 4665 1040 4782 seculo
1056 4663 1292 4781 xvsm'pmr
1311 4663 1352 4748 ²3¹
1369 4692 1434 4776 9¹⁴⁰
1451 4662 1704 4869 ‘mime’V
1747 4783 1757 4805 ,

578 4821 583 4828 ,
1704 4802 1821 4872 entas

629 5080 981 5174 andrunnun.
1001 5103 1041 5256 ¹1²
1044 5079 1144 5150 ms.
1159 5078 1247 5163 agr.
1265 5074 1456 5167 1443-166

1061 5199 1087 5258 2
