4214 5910
278 638 375 770 234
958 622 1179 722 CLXVI.

327 848 389 931 19.
416 810 593 925 Epistola
607 807 795 913 Roderici
814 807 985 921 episcopi
1003 808 1270 921 Caliguritani
1291 796 1341 897 ad
1355 813 1644 928 Pomponium,
1665 816 1815 933 inqua

421 963 513 1028 eum
532 933 757 1018 consolatur
768 931 823 1015 ‚de
840 930 1148 1035 calamitatibus,
1178 951 1217 1017 et
1241 937 1447 1044 quomodo
1466 935 1593 1022 virtus
1613 940 1749 1027 crescit
1767 943 1813 1027 in

422 1055 599 1141 adversis.
615 1056 801 1167 fol.114.

328 1214 392 1271 20.
421 1178 598 1295 Epistola
617 1174 788 1283 ejusdem
808 1174 1022 1288 Pomponii
1041 1176 1090 1258 ad
1108 1178 1279 1265 eundem
1302 1178 1548 1267 Rodericum
1564 1181 1810 1298 epi-scopum,

337 1397 339 1402 ¹
423 1304 466 1413 in
486 1328 567 1412 qua
586 1299 669 1408 agit
685 1297 831 1407 gratias
852 1299 901 1381 de
921 1297 1109 1382 solamine
1126 1300 1382 1412 epistolaium
1403 1302 1579 1405 suarum,
1607 1306 1758 1417 quibus
1776 1310 1812 1392 se

421 1423 604 1533 adjutum
623 1420 846 1533 plurimum
864 1420 973 1505 dicit.
988 1423 1063 1535 fol.
1094 1450 1184 1533 115·

253 1565 255 1568 ’
328 1580 394 1637 21.
422 1546 600 1663 Epistola
619 1543 791 1651 ejusdem
810 1543 1023 1657 Pomponii
1051 1545 1101 1626 ad
1119 1547 1291 1661 eundem
1309 1548 1554 1633 Rodericum
1582 1548 1811 1662 episcopum

422 1688 464 1753 et
490 1667 760 1763 castellanum,
792 1663 836 1748 in
861 1692 943 1776 qua
959 1665 1185 1779 plurimum
1219 1672 1473 1755 commendat
1501 1668 1719 1757 tradtatum
1744 1700 1813 1784 per

425 1792 596 1877 eundem
615 1786 841 1902 episcopum
855 1787 1010 1873 editum
1026 1807 1166 1872 contra
1184 1790 1406 1875 Basilienses
1433 1809 1473 1875 et
1490 1810 1633 1875 contra
1651 1793 1811 1877 elediio-

425 1940 518 1997 nem
537 1939 690 2027 percos
711 1908 859 1993 fatiam
878 1911 928 1993 ad
943 1927 1137 2024 papatum
1155 1911 1200 1994 in
1218 1911 1425 2025 personam
1438 1913 1621 2012 Amodei,
1634 1917 1709 2027 fid.
1722 1945 1738 1998 1
1751 1945 1815 2027 17.

270 2118 273 2123 ,
332 2064 397 2122 22.
425 2035 603 2147 Epistola
621 2032 792 2141 ejusdem
811 2033 1026 2145 Pomponii
1048 2034 1099 2116 ad
1117 2036 1287 2118 eundem
1304 2036 1548 2121 Rodericum
1567 2035 1812 2149 episcopum,

325 2162 329 2169 ’
426 2158 469 2242 111
494 2185 575 2268 qua
594 2155 662 2243 etsi
682 2153 934 2241 solitudinem
954 2154 1051 2239 dicit
1076 2156 1279 2269 peculium
1308 2174 1531 2268 poetarum,
1560 2156 1814 2243 solitudinem

425 2298 676 2363 tamencum
696 2277 908 2361 reclusione
927 2306 1011 2360 non
1031 2278 1180 2374 laudat,
1197 2280 1271 2388 sol.
1291 2310 1380 2390 119.

333 2431 398 2516 23.
426 2402 603 2515 Epistola
630 2399 814 2483 Roderici
841 2399 1010 2513 episcopi
1037 2417 1077 2481 et
1095 2400 1294 2485 castellani
1314 2401 1533 2515 responsiva
1563 2402 1614 2485 ad
1640 2404 1814 2487 eundem

429 2521 713 2635 Pomponium,
738 2520 782 2605 in
806 2549 886 2635 qua
905 2521 1159 2606 solitudinem
1181 2522 1303 2605 veluti
1329 2541 1463 2635 aptam
1483 2524 1815 2635 contemplationi

427 2664 467 2730 et
493 2632 577 2729 otio
606 2644 826 2757 plurimum
852 2645 1000 2743 laudat,
1030 2661 1070 2725 et
1095 2646 1300 2757 quomodo
1325 2646 1476 2761 sapiens
1505 2673 1590 2730 non
1615 2646 1670 2729 est
1693 2645 1814 2744 solus,

428 2796 499 2852 nec
519 2767 644 2850 menti
665 2766 844 2875 angustia
862 2766 983 2862 obest,
999 2767 1073 2873 sol.
1092 2794 1180 2849 120.

333 2899 399 2995 24.
427 2890 604 3002 Epistola
621 2889 792 2994 ejusdem
811 2886 1023 3001 Pomponii
1047 2887 1096 2968 ad
1115 2888 1286 2971 eundem
1303 2888 1547 2973 Rodericum
1570 2889 1816 3005 episcopum,

429 3014 472 3097 in
491 3040 572 3124 qiia
589 3010 685 3096 dicit
699 3010 950 3097 solitudinem
969 3007 1040 3091 else
1058 3009 1200 3091 utilem
1220 3038 1313 3092 cuin
1332 3011 1513 3095 libertate
1528 3012 1589 3096 sed
1608 3013 1820 3097 molestam

428 3162 523 3217 cum
540 3131 780 3245 captivitate,
799 3151 838 3215 11
856 3135 1097 3215 12111111121111
1115 3131 1163 3213 de
1181 3131 1265 3239 ejus
1284 3132 1511 3233 reclusione,
1526 3136 1600 3245 sil.
1619 3163 1708 3218 122.

335 3284 399 3367 25.
427 3256 604 3369 Epistola
617 3253 760 3337 Lucidi
773 3254 908 3337 Latini
928 3255 978 3336 ad
994 3253 1235 3337 Rodericum
1254 3253 1480 3367 episcopum
1499 3275 1539 3338 et
1556 3256 1817 3342 castellanum

428 3376 668 3461 excusatoria
685 3378 793 3489 quod
812 3405 893 3458 non
913 3374 1074 3487 scripsit,
1097 3393 1138 3457 et
1155 3378 1388 3461 exhortatur
1406 3376 1588 3461 utillum
1606 3379 1817 3463 calamito-

432 3499 519 3582 sum
536 3499 613 3583 suis
632 3498 754 3581 literis
773 3498 1007 3597 consoletur,
1024 3499 1100 3603 sol.
1119 3527 1206 3606 124.

336 3632 400 3709 26.
430 3621 606 3734 Epistola
629 3619 812 3705 Roderici
838 3619 1036 3705 castellani
1063 3620 1113 3701 ad
1133 3619 1347 3719 Lucidum,
1375 3618 1420 3703 in
1446 3647 1529 3732 qua
1555 3648 1646 3705 eum
1676 3620 1820 3705 conso-

431 3745 538 3827 latur
555 3743 862 3855 exhortaturque
882 3744 930 3827 ad
953 3740 1187 3855 patientiam
1206 3741 1249 3827 in
1268 3742 1431 3827 adverfis
1450 3759 1491 3824 et
1508 3742 1634 3826 animi
1657 3743 1820 3853 magni-

433 3867 611 3948 tudinem
632 3892 794 3949 omnem
813 3864 986 3947 sortunae
1004 3863 1200 3976 impetum
1219 3866 1482 3978 superantem,
1496 3868 1571 3976 sol.
1592 3895 1635 3948 12
1642 3895 1679 3975 ς.

339 4020 403 4102 27.
431 3987 607 4100 Epistola
628 3985 798 4094 ejusdem
818 3986 959 4073 Lucidi
987 3989 1036 4071 ad
1060 3987 1230 4072 eundem
1257 3989 1526 4085 castellanum,
1554 3987 1597 4070 in
1625 4015 1704 4097 qua
1732 3987 1821 4095 agit

432 4110 577 4220 gratias
605 4110 652 4189 de
681 4109 869 4191 antidotis
897 4107 1212 4193 consolationum
1240 4109 1400 4192 suarum
1429 4125 1469 4190 et
1495 4106 1643 4193 iterum
1669 4109 1820 4191 exhor-

434 4250 543 4314 tatur
562 4250 609 4313 ut
628 4232 676 4313 ad
697 4259 789 4313 eum
811 4230 963 4328 scribat,
981 4234 1054 4343 sol.
1074 4236 1162 4315 126.

338 4359 401 4440 28.
431 4355 608 4466 Epistola
630 4352 813 4435 Roderici
839 4356 890 4434 ad
914 4355 1082 4435 eundern
1105 4352 1317 4450 Lucidum,
1347 4352 1390 4435 iii
1418 4379 1498 4463 qua
1526 4352 1581 4433 ait
1608 4380 1700 4434 eum
1728 4368 1819 4435 tam

431 4474 617 4559 mirificas
634 4477 767 4559 laudes
788 4504 871 4557 non
888 4476 1038 4573 mereri,
1052 4492 1090 4557 et
1109 4473 1165 4557 ibi
1184 4476 1350 4586 pulchra
1364 4492 1503 4557 contra
1519 4474 1789 4556 adulationem
1805 4518 1819 4573 5

433 4601 594 4680 tandem
616 4597 780 4706 pulchra
801 4599 959 4678 adducit
985 4599 1032 4678 de
1052 4597 1304 4679 retribuendo
1323 4595 1654 4690 benefadioribus,
1681 4597 1818 4679 rursus

432 4710 565 4802 ‘scribit
597 4720 633 4799 ei
661 4740 766 4801 certa
798 4719 1075 4803 consolationis
1108 4746 1251 4829 genera
1276 4747 1365 4830 quae
1397 4746 1560 4801 omnem
1586 4713 1820 4803 moestitiain

435 4842 581 4936 levant,
596 4842 670 4947 sol.
692 4868 778 4950 127.

339 4990 404 5072 29.
434 4960 609 5073 Epistola
628 4962 868 5073 ornatissima
884 4961 1025 5046 Lucidi
1043 4965 1091 5047 ad
1112 4964 1281 5047 eundem
1302 4960 1543 5047 Rodericum
1562 4962 1822 5075 castellanum
1914 4960 1917 4964 ’

1770 5089 1822 5169 de
