4214 5910
642 780 645 785 ,
870 673 1159 773 CCCCVII.
1712 687 1808 811 ³85

393 886 428 948 et
445 866 528 948 locis
545 865 709 976 Angiiae.
735 907 792 931 -·-
809 867 938 949 Multo
954 865 1130 975 adfinem
1148 862 1340 974 issderori
1364 863 1549 963 videntur,
1578 866 1699 977 desim't
1716 874 1811 953 enim

391 989 626 1105 itinerarium
645 988 744 1097 apud
757 989 1045 1103 Hierosolymam,
1075 1003 1111 1068 ct
1133 985 1174 1067 de
1198 986 1319 1070 reditu
1335 989 1473 1070 autoris
1491 989 1532 1070 in
1551 990 1720 1099 patriam
1736 1021 1810 1080 om-

392 1112 478 1190 nino
494 1128 649 1194 tacetur.
820 1215 823 1221 Ι

326 1257 363 1312 2.
393 1231 647 1316 Itinerarium
661 1227 793 1314 fratris
809 1227 1004 1315 Willelmi
1019 1229 1068 1310 de
1081 1228 1253 1311 Rubruk
1269 1228 1317 1311 de
1332 1230 1468 1314 ordine
1484 1227 1665 1322 fratrum
1675 1233 1808 1321 mino.

392 1379 483 1435 rum
503 1381 613 1437 anno
631 1354 769 1463 gratia
789 1380 966 1437 Mecum
988 1343 1039 1434 ad
1056 1368 1186 1463 partes
1206 1350 1427 1436 orientales.
1919 1350 1927 1355 ’

392 1476 536 1588 Deflcnt
552 1477 666 1558 multo
682 1479 862 1588 adfinem.

315 1605 364 1707 ¹3.
394 1595 648 1681 Itinerarium
668 1597 802 1681 fratris
822 1594 985 1680 Odorici
1005 1593 1155 1680 ordinis
1176 1595 1350 1681 fratrum
1377 1597 1584 1685 minorum
1611 1599 1660 1684 de
1686 1599 1807 1686 mira-

392 1717 538 1801 bilibus
557 1719 813 1803 orientalium
831 1725 1110 1803 Tartarorum.

324 1868 364 1944 4.
394 1839 513 1924 Liber
530 1842 578 1924 de
597 1860 712 1926 terrae
732 1839 912 1953 partibus
930 1856 973 1922 et
989 1837 1145 1925 diversis
1163 1837 1393 1951 provinciis.

391 1964 563 2071 Regiones
596 1965 718 2047 ordine
746 1963 964 2073 alphabetico
997 1961 1268 2074 describuntur:
1304 1962 1545 2072 desiderantur
1573 1965 1734 2078 quiedam
1761 1969 1814 2051 ad

379 2085 508 2191 finem.

326 2231 362 2312 5.
392 2204 511 2303 Liber
528 2203 662 2289 secreti
680 2205 917 2289 secretorum
929 2209 1014 2316 five
1030 2207 1080 2287 de
1100 2203 1291 2313 regimine
1315 2204 1544 2316 principum
1564 2225 1604 2290 et
1622 2207 1810 2296 domino-

393 2352 487 2409 rum
508 2329 557 2408 ad
574 2327 804 2410 instantiam
824 2326 1041 2409 Alexandri
1058 2324 1194 2434 magni
1216 2327 1266 2408 ab
1285 2327 1494 2410 Aristotele
1512 2329 1654 2413 editus.

392 2448 510 2530 Liber
535 2449 724 2532 dedicatur
747 2448 908 2531 Guidoni
933 2447 975 2529 de
1002 2449 1175 2530 Volcacio
1201 2448 1370 2529 civitatis
1394 2443 1552 2559 Tripolis
1577 2453 1727 2564 episcopo
1746 2471 1816 2565 per

397 2570 607 2678 Philippum
627 2573 807 2666 clericum,
826 2569 891 2678 qui
908 2598 985 2651 cum
1003 2570 1046 2650 de
1058 2568 1221 2650 Arabico
1239 2569 1537 2681 Latinumsccit.

325 2696 365 2774 6.
395 2689 517 2776 Aliud
536 2692 826 2775 documentum
845 2693 894 2772 de
911 2688 1187 2802 complexione
1205 2690 1396 2770 humana.

836 2915 1223 3032 CCCCVlll.

324 3088 439 3172 Codex
453 3088 735 3171 membranaceus
741 3088 860 3200 stralo
877 3087 1112 3199 xvscriptus,
1131 3091 1172 3171 in
1189 3117 1255 3200 quo
1273 3090 1485 3183 continetur,
1549 3163 1553 3174 .

326 3210 446 3293 Liber
464 3208 625 3292 loannis
640 3211 844 3320 Capgrave
856 3211 906 3291 de
924 3208 1063 3294 multis
1078 3208 1263 3294 Henricis
1282 3207 1498 3300 clariffimis
1519 3210 1570 3292 ad
1586 3213 1812 3300 Henricum

272 3335 343 3414 VI.
365 3358 494 3440 regem
512 3330 681 3440 Angliae.

325 3456 462 3537 Prima
472 3473 542 3566 pos
559 3453 801 3567 compiec'iitur
818 3456 919 3538 vitos
935 3453 1095 3536 chrici
1109 3458 1144 3536 Ι.
1202 3469 1223 3539 l

608 3604 611 3609 ·
938 3575 1097 3656 chrici
1110 3580 1164 3657 II.
1243 3673 1247 3682 .

939 3696 1098 3778 Henrici
1113 3701 1189 3778 ΙΙΙ.
1267 3765 1274 3781 .
1701 3771 1708 3786 ,

940 3819 1101 3900 Hmria.
1113 3821 1183 3900 W·
1258 3779 1511 3874 imperatorum
1524 3763 1751 3855 AElemamae.

945 3940 1107 4021 Henrici
1120 3944 1161 4020 V
1239 3952 1242 3958 '

944 4061 1105 4143 Henrici
1116 4064 1183 4142 VI.

1150 4227 1155 4237 r
1769 4195 1816 4273 In

279 4380 1820 4434 ——b-ffl--m

331 4512 379 4595 2.]
397 4498 465 4580 Vide
475 4507 599 4575 LXVI.
618 4507 872 4577 10.eLxxxl.
890 4530 921 4596 9.

331 4613 380 4701 3.]
396 4612 466 4681 Vua
480 4608 683 4677 chxxv.
702 4632 753 4698 13.

329 4719 379 4805 5.]
397 4719 466 4786 Vide
479 4712 687 4784 CCCCLVI.
706 4737 738 4803 7.

327 4819 641 4903 ccccv111.]Vec.
658 4822 725 4888 Cot.
743 4819 785 4888 V.
801 4842 829 4887 1.
846 4819 942 4888 MSS.
953 4814 1038 4897 Angc.
1058 4815 1248 4905 1562·.295.

982 4939 1099 5017 ece
