4214 5910
924 628 1147 725 CXCIV.
1520 594 1532 610 Ι
1740 663 1800 757 27
1807 665 1834 758 5

349 845 388 928 5.
417 814 650 901 Chronicon
682 809 855 896 Martini
881 810 1027 895 Poloni
1056 838 1166 925 papa
1193 806 1479 921 penitemini,
1510 807 1586 892 sive
1615 810 1778 895 historia
1803 833 1843 896 et

414 937 596 1023 succeffio
609 936 898 1050 imperatorum
914 949 954 1016 et
969 932 1212 1045 pontificum
1228 934 1508 1016 Romanorum
1525 961 1549 1016 a
1563 934 1723 1019 Christo
1742 954 1841 1020 nato

415 1062 465 1144 ad
486 1085 642 1143 annum
668 1059 786 1166 1306,
806 1074 847 1138 et
866 1053 1104 1138 continuata
1122 1056 1173 1136 ad
1191 1079 1348 1139 annum
1375 1081 1492 1166 1342.

418 1190 445 1227 “
464 1179 666 1286 Recognito
680 1195 716 1258 et
728 1194 798 1286 per
811 1176 925 1286 ipstene
940 1175 1084 1258 nudius
1097 1174 1245 1257 redditu
1258 1202 1366 1284 quom
1384 1175 1426 1254 in
1439 1174 1617 1257 codicibus
1635 1175 1841 1286 inpreffloi'

416 1303 523 1383 Inter
537 1302 701 1384 Leoneen
713 1298 758 1379 V.
777 1313 814 1378 et
832 1295 1068 1379 Benedictum
1082 1298 1183 1378 IIII.
1203 1295 1439 1405 interseritur
1456 1300 1597 1378 Ioanne
1607 1298 1765 1415 papiffu.

349 1419 388 1500 6.
417 1419 524 1504 Petri
549 1421 598 1502 de
615 1417 801 1503 Yckham
831 1417 1066 1529 compilatio
1094 1417 1144 1499 de
1170 1415 1288 1528 gestis
1307 1415 1523 1501 Britonum
1548 1435 1588 1500 et
1607 1421 1838 1530 Anglorum

415 1566 464 1623 ex
478 1543 605 1625 Bruto
619 1541 726 1622 Beda
744 1556 784 1621 et
802 1538 890 1622 aliis
910 1539 1142 1624 austoribus
1162 1564 1186 1620 a
1204 1538 1336 1650 prima
1349 1537 1591 1649 antiquitate
1610 1540 1661 1624 ad
1680 1566 1836 1627 annum

419 1660 496 1741 126
502 1685 539 1768 5,
559 1677 600 1742 et
618 1657 696 1742 alit
714 1685 843 1742 manu
861 1659 911 1742 ad
931 1686 1088 1744 annum
1111 1657 1229 1768 1283.
1331 1684 1333 1689 ·

416 1779 485 1860 Ad
485 1781 603 1888 finern
621 1780 745 1890 defient
761 1779 945 1863 nonnullo.
1421 1782 1425 1789 ’

349 1924 390 2007 7.
421 1899 612 2010 Triginta
630 1903 712 1983 duo
731 1903 879 2010 gradus
898 1900 1025 1983 scalae.

413 2025 442 2065 “
462 2017 675 2130 Hospiciune
693 2018 809 2103 beate
822 2018 971 2102 Murice
988 2033 1099 2102 entra
1119 2019 1351 2130 Be'fhopsgate
1368 2018 1461 2103 hunc
1477 2018 1649 2111 vindicat
1666 2014 1838 2107 librum.''

890 2169 1192 2335 'cxcv.

346 2376 464 2460 Codex
476 2377 718 2460 chartaceus
701 2380 795 2482 en4
797 2378 936 2486 ⁰,lsecu
932 2408 950 2460 o
963 2381 1199 2490 xvscriptus,
1218 2408 1320 2490 queen
1335 2378 1481 2487 injurie
1494 2382 1661 2490 temporis
1669 2400 1699 2493 p
1700 2381 1841 2468 Iuribus

291 2500 334 2579 in
351 2499 435 2580 locis
449 2499 659 2582 mutilatum
661 2500 852 2610 ,stquenti
855 2502 977 2610 seculo
990 2531 1036 2583 ex
1053 2531 1079 2581 ιι
1079 2503 1128 2583 lio
1144 2503 1294 2612 quodam
1308 2501 1455 2584 codice
1437 2532 1479 2586 en
1498 2504 1682 2653 integrum
1696 2506 1840 2614 restitui

275 2621 383 2727 fecrt
401 2619 456 2702 C
475 2622 691 2719 Perkerus,
720 2623 762 2702 in
781 2649 818 2701 eo
835 2643 956 2706 autern
976 2626 1183 2706 continetur

347 2744 522 2829 Thomae
550 2747 599 2826 de
619 2743 897 2854 Waisrngham
927 2744 1092 2829 historia
1117 2746 1252 2830 minor
1280 2747 1331 2828 ab
1349 2773 1460 2828 anno
1486 2770 1584 2857 1273
1611 2746 1661 2829 ad
1683 2772 1839 2830 annum
1993 2808 1996 2815 =

298 2888 415 2974 1472,
422 2867 507 2971 five
520 2865 650 3002 uthai
650 2886 687 2950 et
699 2867 830 2950 titulus
848 2869 1022 2980 antiquus
1039 2869 1145 2978 hujus
1163 2869 1307 2967 codicis,
1327 2864 1531 2950 Chronica
1549 2864 1674 2952 saneti
1689 2866 1840 2952 Albani

292 3004 613 3099 protomartyris.
1620 3024 1624 3035 ·

350 3310 467 3394 Codex
479 3313 768 3395 membranaceus
781 3315 824 3395 in
829 3155 1332 3423 filioqoiizifpiitiimpore
1343 3312 1512 3422 AEffredi
1525 3313 1622 3423 regis
1636 3318 1843 3427 oLeosrico

294 3432 491 3544 episeopo(
491 3454 533 3516 ut
547 3435 698 3517 videtur
697 3437 720 3536 )
743 3466 817 3517 uno
830 3466 911 3519 curn
922 3437 1099 3546 plurimis
1114 3466 1139 3515 o
1138 3435 1203 3516 liis
1220 3464 1279 3516 ecc
1279 3435 1367 3541 fiee
1373 3436 1456 3544 suae
1470 3437 1666 3545 Enonierfi
1677 3438 1842 3541 donum,

296 3574 332 3637 et
349 3555 397 3638 od
415 3587 452 3638 eo
469 3559 670 3667 appellatus
687 3558 1024 3663 Mantrpologrum.
1055 3559 1096 3640 in
1117 3587 1154 3641 eo
1170 3577 1293 3642 nutent
1310 3559 1429 3643 adhuc
1444 3558 1569 3667 restat,

358 3705 392 3760 1.
421 3680 516 3762 Pars
531 3678 709 3762 maxima
725 3677 997 3790 Marticologii
1013 3678 1080 3763 seu
1094 3679 1230 3807 potius
1245 3678 1472 3789 Menologii
1486 3683 1643 3790 Anglo-
1645 3683 1841 3783 Santonici,

420 3816 622 3992 mosa?
647 3789 712 3870 die
746 3818 794 3896 19
814 3790 957 3875 mensis
987 3792 1135 3875 Martis
1165 3789 1366 3902 usquead
1395 3791 1502 3873 diem
1535 3819 1582 3875 21
1610 3794 1842 3879 Decembris

422 4033 686 4140 Fregnoeorurn
701 4033 921 4115 Senonicum
934 4034 1055 4143 capite
1068 4050 1104 4118 et
1114 4035 1181 4116 col
1177 4064 1215 4116 ce
1227 4049 1439 4115 truncatum
1445 4033 1517 4151 fix
1534 4016 1680 4118 tanturn
1692 4035 1848 4143 ueniens
1955 4034 1961 4039 ’

410 4151 575 4260 soliis,
557 4183 599 4233 tn
618 4182 684 4262 quo
702 4151 858 4234 habetur

253 4386 264 4393 .,
354 4296 393 4352 2.
422 4273 518 4352 Pars
537 4270 747 4381 legationis
769 4266 959 4353 fabuloiae
978 4266 1181 4355 Nathanis
1201 4268 1320 4377 Judei
1340 4272 1390 4353 ad
1405 4270 1615 4354 Tiberium
1636 4270 1843 4358 Caesarem.

1532 4397 1701 4477 CXVII.
1730 4396 1846 4483 Codex

356 4714 408 4798 s.]
423 4712 493 4782 Vide
506 4712 597 4781 LIX.
611 4737 645 4796 4.
667 4732 717 4780 11.
734 4708 969 4778 CCCLXXII.
989 4730 1018 4777 ι.
1034 4705 1304 4776 ccccxxvn.
1318 4729 1353 4793 4,
1368 4726 1398 4794 5.

357 4816 408 4900 6.]
424 4816 493 4885 Vide
510 4816 767 4885 CCCXXXIX.
786 4839 815 4904 3.
828 4815 1096 4883 CCCCXXVII.
1111 4837 1142 4882 2.

358 4922 486 5007 XCV]
502 4925 565 4994 Ver.
581 4925 647 4996 Con.
664 4924 706 4991 C.
721 4946 755 5008 4.
768 4921 867 4991 MSS.
881 4922 967 5005 dogl,
984 4940 1153 5008 1303-27.

358 5033 534 5117 cxcvi]
551 5032 614 5105 Vct.
631 5032 696 5100 Cot.
712 5030 756 5099 D.
775 5050 806 5117 5.
822 5025 919 5097 MSS.
933 5025 1020 5112 Argi.
1040 5025 1211 5112 1312··3⁶·

991 5132 1147 5217 Mina
