4214 5910
275 691 375 812 418
913 684 1218 782 CCCCLIX.
1311 775 1312 779 .

276 898 364 978 4.
392 866 611 952 mactatus
629 871 680 951 de
697 865 920 979 penitentia
941 866 1129 980 religiosrs
1153 864 1417 980 injungenda.

325 1019 363 1102 5.
394 987 589 1071 Solatium
610 989 768 1071 animae.

327 1111 366 1192 6
396 1110 620 1192 Bernardus
639 1112 688 1191 de
707 1107 885 1218 periculo
903 1104 1197 1245 temptationis

325 1252 364 1336 7.
392 1226 645 1336 Augustinus
665 1231 714 1311 de
732 1228 874 1341 spiritu
893 1246 933 1312 et
951 1228 1099 1312 anima.

328 1347 365 1430 8.
395 1351 562 1431 Summa
586 1353 700 1458 Mag.
716 1349 880 1434 Ioannis
904 1346 1192 1433 Cornubiensrs
1221 1347 1395 1459 qualiter
1420 1347 1494 1433 fiat
1520 1348 1808 1438 sacramentum

395 1468 529 1551 altaris
559 1496 631 1579 per
659 1469 849 1556 virtutem
880 1470 1024 1555 sanslae
1054 1469 1196 1567 crucis,
1231 1473 1349 1554 etde
1388 1493 1462 1554 vlt
1495 1472 1720 1558 canonibus
1752 1477 1807 1558 vel

395 1587 604 1670 ordinibus
625 1587 758 1673 missae.

326 1735 365 1814 9.
395 1711 534 1790 Sermo
552 1708 666 1816 Mag
677 1707 801 1791 Nich.
820 1711 869 1792 de
888 1706 1167 1820 Wadinghum
1186 1708 1413 1794 cancellarii
1432 1708 1622 1807 Lincoln.

331 1855 391 1911 10.
421 1825 698 1941 Expofitiones
718 1828 993 1940 apostolorum
1012 1826 1244 1914 nominum

330 1975 393 2028 11.
422 1950 485 2031 De
503 1946 899 2059 predestinatione

330 2094 392 2148 12.
421 2072 590 2151 Summa
607 2064 793 2177 quaedam
815 2064 994 2153 Anselmi
1013 2064 1296 2205 archiepiscopi
1315 2067 1364 2150 de
1382 2022 1572 2179 originali
1589 2091 1762 2180 peccato.

330 2211 392 2294 13.
422 2189 574 2269 Utrum
593 2187 814 2270 demones
803 2178 958 2277 surrent
975 2215 1146 2298 corpora
1163 2185 1381 2272 hominum
1399 2188 1717 2277 substantialiter.

332 2333 394 2410 14.
424 2307 625 2388 Robertus
645 2308 693 2388 de
714 2310 876 2391 Curtun
896 2311 945 2391 de
968 2329 1042 2392 vlt
1064 2306 1249 2417 septenis.

330 2452 393 2506 1
355 2453 393 2534 ς
421 2428 485 2508 De
504 2427 679 2508 adventu
698 2426 883 2511 Domini.

169 2640 171 2644 Α
330 2551 391 2627 16.
421 2549 458 2627 S
472 2543 689 2655 Augustini
707 2544 865 2630 libellus
886 2574 961 2658 qur
947 2544 1128 2634 dicitur
1147 2545 1312 2630 Cherub
1332 2545 1384 2633 de
1401 2546 1656 2637 oonsesfione.

107 2661 121 2683 “
330 2692 392 2773 17.
422 2669 484 2748 De
503 2664 696 2748 conflictu
716 2664 923 2750 vitiorum.
1245 2713 1249 2722 ·

327 2787 389 2871 18.
420 2785 697 2899 Expositiones
717 2789 1008 2872 vocabulorum
1028 2786 1364 2900 theologicorum.

326 2935 388 3015 19.
418 2903 656 3016 Qestiones
675 2913 723 2987 de
742 2896 989 2990 sacramento
1009 2905 1158 2990 altaris.

323 3054 389 3113 20.
415 3025 624 3139 Expofitio
642 3028 694 3110 ad
712 3055 911 3113 canonem
930 3027 1064 3112 miffae.

322 3178 387 3236 21.
414 3147 589 3232 Versus
579 3176 622 3231 ιιι
642 3148 839 3234 honorem
860 3153 1034 3234 Thomae
1056 3148 1216 3232 Becket.

321 3300 386 3352 22.
415 3274 478 3352 De
498 3268 626 3351 tribus
646 3267 812 3351 statibus
834 3266 1050 3379 religionis.

319 3420 386 3501 23·
414 3396 623 3473 Sermones
642 3392 726 3471 duo
745 3390 936 3503 Stephani
958 3387 1188 3501 [Langton]
1211 3383 1491 3501 archiepiscopi
1512 3391 1707 3473 Cantuar.

325 3540 391 3618 24.
421 3516 560 3595 Sermo
579 3509 623 3591 in
653 3522 680 3557 “
701 3515 805 3620 Qae
823 3511 878 3594 est
896 3511 969 3594 ista
987 3537 1077 3622 quae
1097 3506 1306 3592 ascendit.”

319 3662 341 3715 2
346 3661 384 3742 5.
412 3632 557 3718 Versus
577 3630 741 3743 quidam
767 3660 864 3714 cum
884 3630 1191 3715 commentario.

855 3863 1213 3985 CCCCLX.

315 4037 432 4120 Codex
452 4036 739 4120 membranaceus
759 4035 800 4116 in
821 4035 885 4135 8¹⁰,
900 4040 1015 4142 seculo
1032 4065 1087 4118 xv
1092 4035 1274 4148 scriptus,
1293 4035 1338 4115 in
1355 4060 1422 4142 quo
1439 4035 1685 4133 continentur,

307 4189 353 4250 ι.
384 4158 602 4242 Alexandri
622 4161 813 4268 Nequam
835 4158 1122 4242 correslorium
1142 4156 1383 4257 Bibliorum.

317 4309 354 4364 2.
384 4281 603 4363 Trastatus
621 4279 795 4386 ejusdem
815 4279 931 4390 super
950 4279 1271 4362 Promattheum.

316 4430 353 4510 3.
382 4399 572 4508 Ejusdem
591 4398 853 4483 elucidarium
879 4400 1145 4484 bibliothecae.

312 4551 352 4625 4.
383 4519 562 4636 Optimae
580 4518 885 4630 compilationes
905 4522 953 4604 de
971 4519 1075 4603 libro
1090 4513 1266 4599 Britonis
1287 4512 1508 4599 secundum
1529 4513 1713 4598 ordinem
1731 4515 1796 4598 Al-

379 4640 543 4750 phabeti
561 4666 631 4751 per
650 4639 983 4725 Bartholomeum
1005 4642 1054 4722 de
1075 4641 1254 4721 Cottune
1274 4636 1498 4748 compilare
1513 4639 1566 4720 A.
1579 4638 1771 4839 1261291.

1666 4817 1677 4840 .
1735 4783 1803 4840 en<
1835 4825 1838 4829 .

221 5114 225 5122 '
314 5108 385 5192 12.]
400 5109 471 5180 Vide
485 5107 647 5178 XXXIV.
666 5133 695 5197 7.
706 5109 835 5180 CLIV.
853 5113 885 5179 6.
901 5110 1005 5179 CLV.
1021 5135 1055 5202 9.
1073 5155 1076 5159 ·

310 5224 526 5315 CCCCLX.]
541 5229 606 5303 Ver.
622 5231 687 5299 Gru.
703 5230 750 5318 Q
769 5251 820 5302 ro.
835 5230 933 5302 MSS.
946 5232 1033 5318 Angl.
1052 5232 1245 5322 15a9aa62.
