4214 5910
397 651 464 771 48
523 704 526 709 ·
1079 708 1084 717 ·
1120 646 1272 749 LXX.

365 870 369 877 ·
454 864 515 922 12.
544 841 676 922 Cartae
694 855 734 920 et
754 836 856 946 leges
875 830 1042 919 Henrici
1060 837 1132 918 111.

453 988 515 1071 13.
546 960 722 1043 Rubrica
739 960 979 1042 statutorum
998 956 1183 1040 Edwardi
1202 960 1234 1038 I.
1373 1059 1374 1062 Ν

447 1083 515 1164 Ad
524 1084 639 1191 finem
663 1084 786 1164 harum
793 1069 1031 1190 statutorum,⁸
1048 1109 1157 1162 manu
1182 1107 1291 1162 coroa
1309 1076 1558 1190 irffcribuntur
1583 1081 1641 1161 ha
1659 1101 1774 1179 nota;
1802 1092 1829 1129 “
1848 1088 1936 1169 Nan

392 1210 420 1248 “
440 1203 514 1284 erit
528 1205 613 1314 plus
636 1218 742 1300 nunc,
767 1203 856 1314 quia
865 1203 963 1314 sertis
987 1200 1090 1284 habes
1113 1203 1154 1282 in
1177 1198 1207 1282 ii
1228 1199 1336 1283 tibris
1349 1200 1638 1312 subsequentibus
1654 1204 1823 1288 videlicet
1840 1207 1934 1290 libro

391 1333 420 1369 “
437 1344 561 1407 uocata
577 1325 761 1435 Speculum
767 1325 973 1436 justiciore,
992 1342 1027 1405 et
1040 1325 1152 1405 altero
1172 1322 1264 1405 libro
1277 1325 1402 1405 nocato
1417 1324 1595 1423 Bretina,
1610 1345 1645 1406 ¹et
1663 1326 1829 1438 monstrnt
1841 1330 1936 1412 libri

307 1436 309 1440 ¹
391 1446 584 1556 “sigillati
604 1465 674 1558 per
699 1476 815 1557 regem
839 1466 998 1528 attamen
1017 1447 1145 1527 taliter
1168 1444 1443 1553 placitabantur
1466 1447 1680 1556 temporibus
1700 1477 1825 1558 regum
1850 1453 1933 1535 Ed-

388 1567 599 1677 wardifilii
614 1569 711 1677 regis
728 1571 887 1651 Henrici
901 1572 980 1666 III,
1007 1586 1043 1649 et
1062 1565 1334 1676 Edwardifilii
1348 1569 1445 1676 regis
1463 1568 1683 1653 Edwardi.”

446 1698 472 1735 “
490 1689 562 1798 Ista
575 1689 719 1793 statuta
735 1719 882 1802 quorum
891 1690 1080 1802 prodentia
1090 1688 1262 1803 steperins
1279 1689 1340 1771 hic
1356 1689 1597 1772 intitulantur
1618 1692 1658 1773 in
1675 1691 1767 1775 libro
1787 1693 1847 1802 ista
1864 1727 1932 1780 nan

390 1809 635 1921 “scribentur
651 1841 715 1893 nec
730 1810 941 1922 registraria
959 1811 1048 1923 quia
1063 1809 1158 1892 alibi
1175 1808 1362 1906 habentur,
1386 1827 1421 1892 et
1438 1813 1527 1922 quia
1545 1813 1686 1895 intendo
1704 1845 1749 1895 ex
1766 1815 1857 1899 libro
1874 1819 1935 1928 ista

387 1938 416 1976 “
436 1951 473 2013 et
489 1932 574 2016 aliis
592 1964 761 2044 magnum
777 1933 927 2017 codicem
942 1951 1140 2044 componere
1162 1933 1250 2043 quia
1267 1932 1356 2015 utile
1372 1932 1467 2015 duxi·
1478 1933 1627 2044 posteris
1639 1936 1825 2049 presentia
1838 1956 1930 2022 tem-

388 2061 416 2098 “
426 2071 557 2165 porum
573 2057 764 2166 nostrorum
781 2058 990 2169 exprimere.

449 2202 499 2280 14
526 2180 649 2285 Leges
679 2205 778 2289 quas
807 2205 875 2261 rex
899 2175 1100 2261 AElfrodus
1125 2176 1175 2258 de
1198 2175 1321 2261 veteri
1344 2177 1580 2262 testamento
1604 2177 1752 2292 scripsit
1774 2198 1815 2265 et
1837 2181 1930 2268 scri-

386 2293 477 2378 bere
494 2294 600 2381 feeit.

1033 2437 1262 2556 LXXI.

439 2609 554 2692 Cadere
570 2610 853 2694 membranaceus
869 2610 1026 2722 infolio,
1032 2611 1150 2725 ficula
1168 2610 1234 2692 nii
1248 2627 1432 2709 exaratus,
1451 2609 1492 2691 in
1512 2636 1578 2722 quo
1594 2609 1831 2709 continentur,

348 2771 352 2778 ·
390 2749 395 2757 ·
445 2757 480 2812 1.
509 2731 742 2815 Macrobius
758 2732 807 2814 de
818 2733 1115 2833 Saturnalibus.

440 2877 478 2933 2.
507 2851 710 2936 Ciceronis
728 2852 929 2937 somnium
949 2853 1155 2968 Scipionis.

438 3001 478 3084 3.
508 2975 856 3060 Commentarium
876 2975 1075 3061 Macrobii
1093 2976 1138 3060 in
1156 2974 1358 3064 somnium
1378 2973 1585 3089 Scipionis.

435 3123 476 3202 4.
507 3097 701 3209 Apuleius
720 3101 767 3181 de
784 3100 970 3207 dogmate
990 3096 1180 3185 Platonis.

437 3244 476 3324 5.
505 3218 615 3301 Idem
634 3221 682 3302 de
702 3219 964 3332 philosophia.

436 3340 475 3420 6.
504 3342 615 3422 Idem
634 3343 683 3421 de
702 3344 870 3424 mundo.

433 3487 475 3568 7.
505 3460 614 3543 Idem
633 3462 773 3544 dedeo
793 3463 977 3547 Socratis.

436 3580 474 3689 8.
503 3582 682 3693 Epistola
703 3584 751 3666 de
768 3584 922 3668 ratione
940 3587 1138 3670 cuborum
1156 3589 1207 3671 ad
1225 3587 1455 3701 sylvestrem
1473 3616 1633 3709 papam.

206 3808 211 3814 ι
434 3729 474 3809 9.
503 3752 524 3771 -
542 3755 562 3771 -
582 3720 602 3770 -’
621 3754 641 3770 -
659 3707 804 3789 erberti
822 3708 871 3789 ad
891 3710 1145 3794 Adelbodum
1163 3713 1213 3793 de
1229 3711 1522 3796 mensuratione
1540 3711 1807 3823 trigonorum.

1017 3920 1285 4039 LXXII.

400 4196 409 4216 α
429 4077 544 4161 Codex
561 4080 844 4165 membranaceus
862 4083 902 4165 in
919 4082 983 4190 4²⁰,
1001 4089 1184 4171 creauere
1199 4085 1538 4198 nitiiiffima,secula
1554 4085 1810 4199 xiiiscriptus,
1836 4118 1919 4177 con·

372 4214 501 4298 amens,

428 4323 645 4432 Evangelia
662 4344 850 4435 quatuor,
871 4327 1028 4413 Latine.

417 4443 496 4526 Aa
514 4445 664 4530 initium
681 4450 822 4549 codicis,
840 4453 1003 4536 Tabula
1026 4449 1248 4538 leiiionum
1271 4451 1453 4564 quolibet
1477 4450 1540 4536 die
1563 4448 1663 4537 festo
1684 4478 1757 4568 per
1780 4467 1916 4538 totum

365 4587 540 4648 annum.

1614 4812 1618 4820 Ι
1769 4699 1915 4782 Litora

422 4987 567 5072 LXXI]
582 4990 648 5059 Ver.
667 4993 732 5059 Cat.
748 4994 791 5060 V.
807 5016 840 5078 4.
859 4996 955 5063 MSS.
970 4999 1057 5083 Angl.
1077 5001 1280 5088 1566-299.
1315 5048 1317 5052 .
1393 5077 1395 5082 ,

420 5083 580 5172 Lxxl1.]
597 5086 661 5159 Ver.
677 5093 745 5159 Cat.
761 5090 805 5158 V.
822 5110 853 5180 ς.
870 5094 966 5164 MSS.
983 5096 1070 5180 Angl.
1090 5097 1291 5187 1564-297.
