<?xml version="1.0" encoding="UTF-8"?>
<!DOCTYPE html PUBLIC "-//W3C//DTD XHTML 1.0 Transitional//EN"
    "http://www.w3.org/TR/xhtml1/DTD/xhtml1-transitional.dtd">
<html xmlns="http://www.w3.org/1999/xhtml" xml:lang="en" lang="en">
 <head>
  <title>
</title>
<meta http-equiv="Content-Type" content="text/html;charset=utf-8" />
  <meta name='ocr-system' content='tesseract 3.04.00' />
  <meta name='ocr-capabilities' content='ocr_page ocr_carea ocr_par ocr_line ocrx_word'/>
</head>
<body>
  <div class='ocr_page' id='page_1' title='image "./cataloguslibror00librgoog_0280.png"; bbox 0 0 4214 5910; ppageno 0'>
   <div class='ocr_carea' id='block_1_1' title="bbox 867 688 1746 818">
    <p class='ocr_par' dir='ltr' id='par_1_1' title="bbox 867 688 1746 818">
     <span class='ocr_line' id='line_1_1' title="bbox 867 688 1746 818; baseline -0.001 -31"><span class='ocrx_word' id='word_1_1' title='bbox 867 688 1018 787; x_wconf 82' lang='lat' dir='ltr'><strong>CXC.</strong></span> <span class='ocrx_word' id='word_1_2' title='bbox 1642 694 1746 818; x_wconf 84' lang='lat'><strong>269·</strong></span> 
     </span>
    </p>
   </div>
   <div class='ocr_carea' id='block_1_2' title="bbox 79 867 1738 2301">
    <p class='ocr_par' dir='ltr' id='par_1_2' title="bbox 309 867 1144 981">
     <span class='ocr_line' id='line_1_2' title="bbox 309 867 1144 981; baseline 0.002 -29"><span class='ocrx_word' id='word_1_3' title='bbox 309 871 499 981; x_wconf 32' lang='lat' dir='ltr'><strong>f‘vLVII.</strong></span> <span class='ocrx_word' id='word_1_4' title='bbox 511 870 582 954; x_wconf 89' lang='lat' dir='ltr'><em>-De</em></span> <span class='ocrx_word' id='word_1_5' title='bbox 599 867 836 979; x_wconf 71' lang='lat' dir='ltr'><em>juramentis</em></span> <span class='ocrx_word' id='word_1_6' title='bbox 854 870 1144 981; x_wconf 84' lang='lat' dir='ltr'><em>episcoporum.</em></span> 
     </span>
    </p>

    <p class='ocr_par' dir='ltr' id='par_1_3' title="bbox 316 988 1738 1582">
     <span class='ocr_line' id='line_1_3' title="bbox 320 988 1137 1101; baseline -0.006 -27"><span class='ocrx_word' id='word_1_7' title='bbox 320 1001 349 1037; x_wconf 90' lang='lat'><strong>“</strong></span> <span class='ocrx_word' id='word_1_8' title='bbox 368 993 516 1074; x_wconf 88' lang='lat' dir='ltr'><strong>LVIII.</strong></span> <span class='ocrx_word' id='word_1_9' title='bbox 537 991 600 1074; x_wconf 85' lang='lat' dir='ltr'><em>De</em></span> <span class='ocrx_word' id='word_1_10' title='bbox 617 988 826 1071; x_wconf 84' lang='lat' dir='ltr'><em>vexatione</em></span> <span class='ocrx_word' id='word_1_11' title='bbox 845 989 1137 1101; x_wconf 83' lang='lat' dir='ltr'><em>episcoporum.</em></span> 
     </span>
     <span class='ocr_line' id='line_1_4' title="bbox 533 1105 1738 1220; baseline 0.005 -29"><span class='ocrx_word' id='word_1_12' title='bbox 533 1110 715 1191; x_wconf 87' lang='lat' dir='ltr'><em>Maxima</em></span> <span class='ocrx_word' id='word_1_13' title='bbox 720 1125 814 1220; x_wconf 89' lang='lat' dir='ltr'><em>pars</em></span> <span class='ocrx_word' id='word_1_14' title='bbox 827 1107 932 1217; x_wconf 86' lang='lat' dir='ltr'><em>hujus</em></span> <span class='ocrx_word' id='word_1_15' title='bbox 941 1109 1100 1217; x_wconf 88' lang='lat' dir='ltr'><em>capituli</em></span> <span class='ocrx_word' id='word_1_16' title='bbox 1109 1124 1145 1191; x_wconf 88' lang='lat' dir='ltr'><em>et</em></span> <span class='ocrx_word' id='word_1_17' title='bbox 1144 1106 1216 1218; x_wconf 87' lang='lat' dir='ltr'><em>sex</em></span> <span class='ocrx_word' id='word_1_18' title='bbox 1224 1105 1368 1216; x_wconf 90' lang='lat' dir='ltr'><em>reliqua</em></span> <span class='ocrx_word' id='word_1_19' title='bbox 1377 1108 1635 1216; x_wconf 72' lang='lat' dir='ltr'><em>desiderantur,</em></span> <span class='ocrx_word' id='word_1_20' title='bbox 1651 1114 1738 1198; x_wconf 83' lang='lat' dir='ltr'><em>viz.</em></span> 
     </span>
     <span class='ocr_line' id='line_1_5' title="bbox 316 1225 1722 1340; baseline 0.004 -30"><span class='ocrx_word' id='word_1_21' title='bbox 316 1234 345 1272; x_wconf 88' lang='lat'><strong>“</strong></span> <span class='ocrx_word' id='word_1_22' title='bbox 367 1227 473 1310; x_wconf 88' lang='lat' dir='ltr'><strong>LIX.</strong></span> <span class='ocrx_word' id='word_1_23' title='bbox 492 1229 559 1309; x_wconf 91' lang='lat' dir='ltr'><em>De</em></span> <span class='ocrx_word' id='word_1_24' title='bbox 569 1228 710 1338; x_wconf 69' lang='lat' dir='ltr'><em>pallore</em></span> <span class='ocrx_word' id='word_1_25' title='bbox 722 1249 759 1311; x_wconf 92' lang='lat' dir='ltr'><em>et</em></span> <span class='ocrx_word' id='word_1_26' title='bbox 769 1228 1014 1339; x_wconf 84' lang='lat' dir='ltr'><em>predicatore.</em></span> <span class='ocrx_word' id='word_1_27' title='bbox 1061 1226 1148 1310; x_wconf 90' lang='lat' dir='ltr'><em>LX.</em></span> <span class='ocrx_word' id='word_1_28' title='bbox 1168 1225 1289 1307; x_wconf 89' lang='lat' dir='ltr'><em>Verba</em></span> <span class='ocrx_word' id='word_1_29' title='bbox 1302 1228 1511 1311; x_wconf 81' lang='lat' dir='ltr'><em>Ezechielis</em></span> <span class='ocrx_word' id='word_1_30' title='bbox 1520 1230 1722 1340; x_wconf 78' lang='lat' dir='ltr'><em>propbeta.</em></span> 
     </span>
     <span class='ocr_line' id='line_1_6' title="bbox 318 1346 1736 1461; baseline 0.008 -37"><span class='ocrx_word' id='word_1_31' title='bbox 318 1355 346 1392; x_wconf 88' lang='lat'><strong>“</strong></span> <span class='ocrx_word' id='word_1_32' title='bbox 365 1346 473 1427; x_wconf 91' lang='lat' dir='ltr'><strong>LXI.</strong></span> <span class='ocrx_word' id='word_1_33' title='bbox 492 1352 585 1431; x_wconf 84' lang='lat' dir='ltr'><em>Item</em></span> <span class='ocrx_word' id='word_1_34' title='bbox 603 1349 645 1431; x_wconf 87' lang='lat' dir='ltr'><em>ele</em></span> <span class='ocrx_word' id='word_1_35' title='bbox 657 1350 824 1461; x_wconf 62' lang='lat' dir='ltr'><em>pastore.</em></span> <span class='ocrx_word' id='word_1_36' title='bbox 857 1349 983 1430; x_wconf 84' lang='lat' dir='ltr'><strong>LXII.</strong></span> <span class='ocrx_word' id='word_1_37' title='bbox 1005 1349 1071 1428; x_wconf 93' lang='lat' dir='ltr'><em>De</em></span> <span class='ocrx_word' id='word_1_38' title='bbox 1087 1347 1255 1457; x_wconf 89' lang='lat' dir='ltr'><em>episcopis</em></span> <span class='ocrx_word' id='word_1_39' title='bbox 1272 1365 1309 1428; x_wconf 89' lang='lat' dir='ltr'><em>et</em></span> <span class='ocrx_word' id='word_1_40' title='bbox 1318 1348 1544 1456; x_wconf 81' lang='lat' dir='ltr'><em>presbiteris.</em></span> <span class='ocrx_word' id='word_1_41' title='bbox 1589 1350 1736 1436; x_wconf 90' lang='lat' dir='ltr'><strong>LXIII.</strong></span> 
     </span>
     <span class='ocr_line' id='line_1_7' title="bbox 316 1467 1737 1582; baseline 0.005 -37"><span class='ocrx_word' id='word_1_42' title='bbox 316 1475 344 1510; x_wconf 86' lang='lat'><strong>“</strong></span> <span class='ocrx_word' id='word_1_43' title='bbox 364 1467 431 1546; x_wconf 91' lang='lat' dir='ltr'><em>De</em></span> <span class='ocrx_word' id='word_1_44' title='bbox 455 1469 650 1552; x_wconf 82' lang='lat' dir='ltr'><em>cotidianis</em></span> <span class='ocrx_word' id='word_1_45' title='bbox 675 1471 840 1582; x_wconf 86' lang='lat' dir='ltr'><em>operibus</em></span> <span class='ocrx_word' id='word_1_46' title='bbox 866 1469 1114 1578; x_wconf 90' lang='lat' dir='ltr'><em>episcoporum.</em></span> <span class='ocrx_word' id='word_1_47' title='bbox 1171 1467 1316 1548; x_wconf 90' lang='lat' dir='ltr'><strong>LXIV.</strong></span> <span class='ocrx_word' id='word_1_48' title='bbox 1335 1468 1737 1577; x_wconf 81' lang='lat' dir='ltr'><em>AugustinusAureli-</em></span> 
     </span>
    </p>

    <p class='ocr_par' dir='ltr' id='par_1_4' title="bbox 317 1588 962 1699">
     <span class='ocr_line' id='line_1_8' title="bbox 317 1588 962 1699; baseline 0.011 -34"><span class='ocrx_word' id='word_1_49' title='bbox 317 1593 344 1629; x_wconf 88' lang='lat'><strong>“</strong></span> <span class='ocrx_word' id='word_1_50' title='bbox 365 1613 450 1666; x_wconf 83' lang='lat' dir='ltr'><em>enos</em></span> <span class='ocrx_word' id='word_1_51' title='bbox 467 1588 643 1699; x_wconf 86' lang='lat' dir='ltr'><em>episcopus</em></span> <span class='ocrx_word' id='word_1_52' title='bbox 661 1590 791 1672; x_wconf 87' lang='lat' dir='ltr'><em>dicit.&#39;’</em></span> <span class='ocrx_word' id='word_1_53' title='bbox 958 1633 962 1641; x_wconf 93' lang='lat'><strong>·</strong></span> 
     </span>
    </p>

    <p class='ocr_par' dir='ltr' id='par_1_5' title="bbox 79 1705 1736 2175">
     <span class='ocr_line' id='line_1_9' title="bbox 79 1705 1719 1809; baseline 0.007 -28"><span class='ocrx_word' id='word_1_54' title='bbox 79 1752 90 1767; x_wconf 61' lang='lat'><em>-›</em></span> <span class='ocrx_word' id='word_1_55' title='bbox 248 1725 287 1809; x_wconf 84' lang='lat'><strong>3.</strong></span> <span class='ocrx_word' id='word_1_56' title='bbox 317 1705 744 1792; x_wconf 87' lang='lat' dir='ltr'><strong>“INCIPIUNT</strong></span> <span class='ocrx_word' id='word_1_57' title='bbox 778 1710 1127 1792; x_wconf 81' lang='lat' dir='ltr'><strong>CAPITULA</strong></span> <span class='ocrx_word' id='word_1_58' title='bbox 1160 1707 1248 1787; x_wconf 87' lang='lat' dir='ltr'><em>DE</em></span> <span class='ocrx_word' id='word_1_59' title='bbox 1281 1707 1719 1792; x_wconf 81' lang='lat' dir='ltr'><strong>CANONIBUS.&#39;&#39;</strong></span> 
     </span>
     <span class='ocr_line' id='line_1_10' title="bbox 314 1822 1736 1936; baseline 0.009 -35"><span class='ocrx_word' id='word_1_60' title='bbox 314 1822 494 1909; x_wconf 87' lang='lat' dir='ltr'><em>Rubricae</em></span> <span class='ocrx_word' id='word_1_61' title='bbox 526 1828 652 1913; x_wconf 86' lang='lat' dir='ltr'><em>borum</em></span> <span class='ocrx_word' id='word_1_62' title='bbox 680 1858 854 1914; x_wconf 90' lang='lat' dir='ltr'><em>canonum</em></span> <span class='ocrx_word' id='word_1_63' title='bbox 882 1830 1126 1924; x_wconf 80' lang='lat' dir='ltr'><em>omittuntur3</em></span> <span class='ocrx_word' id='word_1_64' title='bbox 1165 1826 1206 1907; x_wconf 92' lang='lat' dir='ltr'><em>in</em></span> <span class='ocrx_word' id='word_1_65' title='bbox 1234 1825 1351 1908; x_wconf 84' lang='lat' dir='ltr'><em>coelice</em></span> <span class='ocrx_word' id='word_1_66' title='bbox 1383 1855 1472 1907; x_wconf 82' lang='lat' dir='ltr'><em>uero</em></span> <span class='ocrx_word' id='word_1_67' title='bbox 1494 1831 1736 1936; x_wconf 81' lang='lat' dir='ltr'><em>penitentiale</em></span> 
     </span>
     <span class='ocr_line' id='line_1_11' title="bbox 162 1939 1735 2063; baseline 0.005 -41"><span class='ocrx_word' id='word_1_68' title='bbox 162 2044 181 2063; x_wconf 73' lang='lat'><strong>.·</strong></span> <span class='ocrx_word' id='word_1_69' title='bbox 312 1939 489 2027; x_wconf 73' lang='lat' dir='ltr'><em>Theodori</em></span> <span class='ocrx_word' id='word_1_70' title='bbox 505 1949 644 2060; x_wconf 90' lang='lat' dir='ltr'><em>excipit</em></span> <span class='ocrx_word' id='word_1_71' title='bbox 660 1950 817 2032; x_wconf 73' lang='lat' dir='ltr'><em>eolleblio</em></span> <span class='ocrx_word' id='word_1_72' title='bbox 834 1976 1021 2043; x_wconf 76' lang='lat' dir='ltr'><em>cenoman,</em></span> <span class='ocrx_word' id='word_1_73' title='bbox 1041 1974 1120 2056; x_wconf 82' lang='lat' dir='ltr'><em>qua</em></span> <span class='ocrx_word' id='word_1_74' title='bbox 1136 1962 1257 2026; x_wconf 88' lang='lat' dir='ltr'><em>tomen</em></span> <span class='ocrx_word' id='word_1_75' title='bbox 1271 1942 1364 2026; x_wconf 86' lang='lat' dir='ltr'><em>mibi</em></span> <span class='ocrx_word' id='word_1_76' title='bbox 1381 1944 1534 2027; x_wconf 84' lang='lat' dir='ltr'><em>videtur</em></span> <span class='ocrx_word' id='word_1_77' title='bbox 1543 1949 1735 2057; x_wconf 82' lang='lat' dir='ltr'><em>parsficb-</em></span> 
     </span>
     <span class='ocr_line' id='line_1_12' title="bbox 301 2062 1735 2175; baseline 0.006 -31"><span class='ocrx_word' id='word_1_78' title='bbox 301 2062 489 2172; x_wconf 89' lang='lat' dir='ltr'><em>sequentis</em></span> <span class='ocrx_word' id='word_1_79' title='bbox 506 2070 635 2175; x_wconf 88' lang='lat' dir='ltr'><em>operis,</em></span> <span class='ocrx_word' id='word_1_80' title='bbox 656 2069 846 2153; x_wconf 86' lang='lat' dir='ltr'><em>concordat</em></span> <span class='ocrx_word' id='word_1_81' title='bbox 864 2069 960 2151; x_wconf 88' lang='lat' dir='ltr'><em>enim</em></span> <span class='ocrx_word' id='word_1_82' title='bbox 978 2096 1059 2148; x_wconf 93' lang='lat' dir='ltr'><em>cum</em></span> <span class='ocrx_word' id='word_1_83' title='bbox 1078 2066 1147 2150; x_wconf 92' lang='lat' dir='ltr'><em>illa</em></span> <span class='ocrx_word' id='word_1_84' title='bbox 1164 2064 1364 2148; x_wconf 73' lang='lat' dir='ltr'><em>collectione</em></span> <span class='ocrx_word' id='word_1_85' title='bbox 1379 2091 1487 2172; x_wconf 83' lang='lat' dir='ltr'><em>quam</em></span> <span class='ocrx_word' id='word_1_86' title='bbox 1506 2067 1623 2149; x_wconf 80' lang='lat' dir='ltr'><em>elidit</em></span> <span class='ocrx_word' id='word_1_87' title='bbox 1637 2069 1735 2152; x_wconf 88' lang='lat' dir='ltr'><em>Wil-</em></span> 
     </span>
    </p>

    <p class='ocr_par' dir='ltr' id='par_1_6' title="bbox 313 2180 1169 2301">
     <span class='ocr_line' id='line_1_13' title="bbox 313 2180 1169 2301; baseline 0.008 -39"><span class='ocrx_word' id='word_1_88' title='bbox 313 2180 475 2292; x_wconf 82' lang='lat' dir='ltr'><em>kinssub</em></span> <span class='ocrx_word' id='word_1_89' title='bbox 491 2188 601 2271; x_wconf 91' lang='lat' dir='ltr'><em>titulo</em></span> <span class='ocrx_word' id='word_1_90' title='bbox 618 2191 884 2301; x_wconf 82' lang='lat' dir='ltr'><em>excerptionum</em></span> <span class='ocrx_word' id='word_1_91' title='bbox 902 2219 947 2270; x_wconf 92' lang='lat' dir='ltr'><em>ex</em></span> <span class='ocrx_word' id='word_1_92' title='bbox 964 2189 1169 2270; x_wconf 89' lang='lat' dir='ltr'><em>canonibus.</em></span> 
     </span>
    </p>
   </div>
   <div class='ocr_carea' id='block_1_3' title="bbox 224 2301 1819 5049">
    <p class='ocr_par' dir='ltr' id='par_1_7' title="bbox 224 2301 1819 5049">
     <span class='ocr_line' id='line_1_14' title="bbox 245 2301 1735 2419; baseline 0.006 -36"><span class='ocrx_word' id='word_1_93' title='bbox 245 2322 286 2399; x_wconf 88' lang='lat'><em>4.</em></span> <span class='ocrx_word' id='word_1_94' title='bbox 316 2301 694 2392; x_wconf 88' lang='lat' dir='ltr'><strong>INCIPIUNT</strong></span> <span class='ocrx_word' id='word_1_95' title='bbox 725 2310 1095 2419; x_wconf 88' lang='lat' dir='ltr'><strong>[CAPITULA</strong></span> <span class='ocrx_word' id='word_1_96' title='bbox 1125 2308 1211 2389; x_wconf 87' lang='lat' dir='ltr'><em>DE</em></span> <span class='ocrx_word' id='word_1_97' title='bbox 1240 2305 1735 2413; x_wconf 85' lang='lat' dir='ltr'><strong>SACE]RDOTALI</strong></span> 
     </span>
     <span class='ocr_line' id='line_1_15' title="bbox 314 2426 1476 2531; baseline 0.005 -27"><span class='ocrx_word' id='word_1_98' title='bbox 314 2426 489 2531; x_wconf 87' lang='lat' dir='ltr'><strong>JURE</strong></span> <span class='ocrx_word' id='word_1_99' title='bbox 521 2430 877 2513; x_wconf 88' lang='lat' dir='ltr'><strong>EGCBERTI</strong></span> <span class='ocrx_word' id='word_1_100' title='bbox 911 2430 1476 2514; x_wconf 87' lang='lat' dir='ltr'><strong>ARCHIEPISCOPI.</strong></span> 
     </span>
     <span class='ocr_line' id='line_1_16' title="bbox 315 2545 1572 2659; baseline -0.001 -35"><span class='ocrx_word' id='word_1_101' title='bbox 315 2546 463 2653; x_wconf 84' lang='lat' dir='ltr'><em>Destent</em></span> <span class='ocrx_word' id='word_1_102' title='bbox 480 2551 603 2630; x_wconf 86' lang='lat' dir='ltr'><em>XXV</em></span> <span class='ocrx_word' id='word_1_103' title='bbox 605 2551 741 2659; x_wconf 85' lang='lat' dir='ltr'><em>preora</em></span> <span class='ocrx_word' id='word_1_104' title='bbox 758 2549 904 2659; x_wconf 86' lang='lat' dir='ltr'><em>capitul</em></span> <span class='ocrx_word' id='word_1_105' title='bbox 899 2578 937 2647; x_wconf 89' lang='lat' dir='ltr'><em>a,</em></span> <span class='ocrx_word' id='word_1_106' title='bbox 957 2575 1106 2658; x_wconf 84' lang='lat' dir='ltr'><em>quorum</em></span> <span class='ocrx_word' id='word_1_107' title='bbox 1124 2545 1287 2630; x_wconf 75' lang='lat' dir='ltr'><em>rubrica</em></span> <span class='ocrx_word' id='word_1_108' title='bbox 1291 2546 1572 2656; x_wconf 82' lang='lat' dir='ltr'><em>subsequuntur</em></span> 
     </span>
     <span class='ocr_line' id='line_1_17' title="bbox 318 2666 1819 2785; baseline 0.005 -40.226"><span class='ocrx_word' id='word_1_109' title='bbox 318 2668 397 2746; x_wconf 88' lang='lat' dir='ltr'><em>“I.</em></span> <span class='ocrx_word' id='word_1_110' title='bbox 417 2669 511 2747; x_wconf 90' lang='lat' dir='ltr'><em>Item</em></span> <span class='ocrx_word' id='word_1_111' title='bbox 535 2697 647 2750; x_wconf 90' lang='lat' dir='ltr'><em>canon</em></span> <span class='ocrx_word' id='word_1_112' title='bbox 662 2669 888 2785; x_wconf 77' lang='lat' dir='ltr'><em>saubIorum.</em></span> <span class='ocrx_word' id='word_1_113' title='bbox 945 2669 1084 2749; x_wconf 75' lang='lat' dir='ltr'><em>11.1&gt;e</em></span> <span class='ocrx_word' id='word_1_114' title='bbox 1107 2666 1237 2773; x_wconf 83' lang='lat' dir='ltr'><em>regola</em></span> <span class='ocrx_word' id='word_1_115' title='bbox 1256 2668 1519 2750; x_wconf 88' lang='lat' dir='ltr'><em>canonicorum.</em></span> <span class='ocrx_word' id='word_1_116' title='bbox 1576 2672 1648 2753; x_wconf 93' lang='lat' dir='ltr'><strong>III.</strong></span> <span class='ocrx_word' id='word_1_117' title='bbox 1671 2671 1737 2775; x_wconf 84' lang='lat' dir='ltr'><em>De</em></span> <span class='ocrx_word' id='word_1_118' title='bbox 1806 2739 1819 2778; x_wconf 26' lang='grc'><em>.-</em></span> 
     </span>
     <span class='ocr_line' id='line_1_18' title="bbox 315 2786 1735 2902; baseline 0.007 -38"><span class='ocrx_word' id='word_1_119' title='bbox 315 2792 346 2830; x_wconf 84' lang='lat'><em>“</em></span> <span class='ocrx_word' id='word_1_120' title='bbox 365 2786 496 2894; x_wconf 88' lang='lat' dir='ltr'><em>regula</em></span> <span class='ocrx_word' id='word_1_121' title='bbox 519 2790 676 2872; x_wconf 89' lang='lat' dir='ltr'><em>omnium</em></span> <span class='ocrx_word' id='word_1_122' title='bbox 700 2789 989 2896; x_wconf 81' lang='lat' dir='ltr'><em>christianorum.</em></span> <span class='ocrx_word' id='word_1_123' title='bbox 1047 2789 1117 2869; x_wconf 94' lang='lat' dir='ltr'><em>IV.</em></span> <span class='ocrx_word' id='word_1_124' title='bbox 1136 2789 1242 2869; x_wconf 91' lang='lat' dir='ltr'><em>Item.</em></span> <span class='ocrx_word' id='word_1_125' title='bbox 1297 2789 1349 2869; x_wconf 94' lang='lat' dir='ltr'><strong>V.</strong></span> <span class='ocrx_word' id='word_1_126' title='bbox 1369 2791 1434 2871; x_wconf 92' lang='lat' dir='ltr'><em>De</em></span> <span class='ocrx_word' id='word_1_127' title='bbox 1451 2808 1607 2898; x_wconf 83' lang='lat' dir='ltr'><em>quatuor</em></span> <span class='ocrx_word' id='word_1_128' title='bbox 1618 2793 1735 2902; x_wconf 90' lang='lat' dir='ltr'><em>prin-</em></span> 
     </span>
     <span class='ocr_line' id='line_1_19' title="bbox 317 2906 1736 3021; baseline 0.008 -37"><span class='ocrx_word' id='word_1_129' title='bbox 317 2913 345 2952; x_wconf 86' lang='lat'>“</span> <span class='ocrx_word' id='word_1_130' title='bbox 364 2907 449 3014; x_wconf 94' lang='lat' dir='ltr'><em>cipa</em></span> <span class='ocrx_word' id='word_1_131' title='bbox 450 2906 544 2989; x_wconf 89' lang='lat' dir='ltr'><em>ebus</em></span> <span class='ocrx_word' id='word_1_132' title='bbox 548 2910 706 3020; x_wconf 80' lang='lat' dir='ltr'><em>synodus</em></span> <span class='ocrx_word' id='word_1_133' title='bbox 735 2912 807 2990; x_wconf 93' lang='lat' dir='ltr'><em>VI.</em></span> <span class='ocrx_word' id='word_1_134' title='bbox 822 2912 888 2991; x_wconf 92' lang='lat' dir='ltr'><em>Dc</em></span> <span class='ocrx_word' id='word_1_135' title='bbox 894 2908 1063 3021; x_wconf 84' lang='lat' dir='ltr'><em>synodale</em></span> <span class='ocrx_word' id='word_1_136' title='bbox 1080 2926 1269 2991; x_wconf 88' lang='lat' dir='ltr'><em>conventu.</em></span> <span class='ocrx_word' id='word_1_137' title='bbox 1299 2910 1390 2991; x_wconf 94' lang='lat' dir='ltr'><strong>VII.</strong></span> <span class='ocrx_word' id='word_1_138' title='bbox 1402 2910 1467 2992; x_wconf 91' lang='lat' dir='ltr'><em>De</em></span> <span class='ocrx_word' id='word_1_139' title='bbox 1475 2912 1736 3021; x_wconf 88' lang='lat' dir='ltr'><em>penitentibus</em></span> 
     </span>
     <span class='ocr_line' id='line_1_20' title="bbox 318 3026 1734 3142; baseline 0.006 -36"><span class='ocrx_word' id='word_1_140' title='bbox 318 3033 346 3070; x_wconf 90' lang='lat'><strong>“</strong></span> <span class='ocrx_word' id='word_1_141' title='bbox 365 3026 476 3110; x_wconf 92' lang='lat' dir='ltr'><em>VIII.</em></span> <span class='ocrx_word' id='word_1_142' title='bbox 498 3033 564 3113; x_wconf 90' lang='lat' dir='ltr'><em>De</em></span> <span class='ocrx_word' id='word_1_143' title='bbox 595 3031 832 3142; x_wconf 89' lang='lat' dir='ltr'><em>episcoporum</em></span> <span class='ocrx_word' id='word_1_144' title='bbox 865 3032 1057 3138; x_wconf 78' lang='lat' dir='ltr'><em>ministris.</em></span> <span class='ocrx_word' id='word_1_145' title='bbox 1114 3031 1185 3112; x_wconf 92' lang='lat' dir='ltr'><em>IX.</em></span> <span class='ocrx_word' id='word_1_146' title='bbox 1204 3032 1270 3111; x_wconf 92' lang='lat' dir='ltr'><em>De</em></span> <span class='ocrx_word' id='word_1_147' title='bbox 1301 3031 1626 3116; x_wconf 85' lang='lat' dir='ltr'><em>excommunicatis.</em></span> <span class='ocrx_word' id='word_1_148' title='bbox 1682 3032 1734 3114; x_wconf 91' lang='lat' dir='ltr'><em>X.</em></span> 
     </span>
     <span class='ocr_line' id='line_1_21' title="bbox 318 3149 1737 3262; baseline 0.004 -32"><span class='ocrx_word' id='word_1_149' title='bbox 318 3155 346 3194; x_wconf 88' lang='lat'><strong>“</strong></span> <span class='ocrx_word' id='word_1_150' title='bbox 366 3153 459 3231; x_wconf 87' lang='lat' dir='ltr'><em>Item</em></span> <span class='ocrx_word' id='word_1_151' title='bbox 487 3151 530 3233; x_wconf 86' lang='lat' dir='ltr'><em>de</em></span> <span class='ocrx_word' id='word_1_152' title='bbox 543 3153 689 3262; x_wconf 73' lang='lat' dir='ltr'><em>ſjmodis</em></span> <span class='ocrx_word' id='word_1_153' title='bbox 707 3151 955 3262; x_wconf 85' lang='lat' dir='ltr'><em>episcoporum.</em></span> <span class='ocrx_word' id='word_1_154' title='bbox 1010 3152 1083 3233; x_wconf 92' lang='lat' dir='ltr'><em>XI.</em></span> <span class='ocrx_word' id='word_1_155' title='bbox 1102 3152 1167 3232; x_wconf 93' lang='lat' dir='ltr'><em>De</em></span> <span class='ocrx_word' id='word_1_156' title='bbox 1185 3149 1500 3234; x_wconf 85' lang='lat' dir='ltr'><em>excommunicatis</em></span> <span class='ocrx_word' id='word_1_157' title='bbox 1526 3184 1572 3235; x_wconf 91' lang='lat' dir='ltr'><em>ex</em></span> <span class='ocrx_word' id='word_1_158' title='bbox 1588 3154 1737 3238; x_wconf 90' lang='lat' dir='ltr'><em>concilio</em></span> 
     </span>
     <span class='ocr_line' id='line_1_22' title="bbox 318 3270 1736 3382; baseline 0.001 -29"><span class='ocrx_word' id='word_1_159' title='bbox 318 3277 346 3315; x_wconf 88' lang='lat'><strong>“</strong></span> <span class='ocrx_word' id='word_1_160' title='bbox 365 3271 577 3355; x_wconf 91' lang='lat' dir='ltr'><em>Antioceno.</em></span> <span class='ocrx_word' id='word_1_161' title='bbox 620 3273 711 3354; x_wconf 94' lang='lat' dir='ltr'><strong>XII.</strong></span> <span class='ocrx_word' id='word_1_162' title='bbox 727 3278 819 3354; x_wconf 89' lang='lat' dir='ltr'><em>Item</em></span> <span class='ocrx_word' id='word_1_163' title='bbox 837 3273 1116 3382; x_wconf 77' lang='lat' dir='ltr'><em>contrasaanae</em></span> <span class='ocrx_word' id='word_1_164' title='bbox 1133 3273 1217 3354; x_wconf 92' lang='lat' dir='ltr'><em>Dei</em></span> <span class='ocrx_word' id='word_1_165' title='bbox 1234 3270 1381 3376; x_wconf 73' lang='lat' dir='ltr'><em>ecclesia</em></span> <span class='ocrx_word' id='word_1_166' title='bbox 1398 3270 1576 3356; x_wconf 90' lang='lat' dir='ltr'><em>inimicos.</em></span> <span class='ocrx_word' id='word_1_167' title='bbox 1623 3275 1736 3357; x_wconf 89' lang='lat' dir='ltr'><strong>XIII.</strong></span> 
     </span>
     <span class='ocr_line' id='line_1_23' title="bbox 319 3393 1739 3502; baseline 0.005 -31"><span class='ocrx_word' id='word_1_168' title='bbox 319 3393 432 3472; x_wconf 87' lang='lat' dir='ltr'><em>“De</em></span> <span class='ocrx_word' id='word_1_169' title='bbox 459 3393 820 3477; x_wconf 87' lang='lat' dir='ltr'><em>excommunicatione</em></span> <span class='ocrx_word' id='word_1_170' title='bbox 847 3413 974 3477; x_wconf 91' lang='lat' dir='ltr'><em>eontra</em></span> <span class='ocrx_word' id='word_1_171' title='bbox 1004 3412 1255 3502; x_wconf 90' lang='lat' dir='ltr'><em>contemptores</em></span> <span class='ocrx_word' id='word_1_172' title='bbox 1282 3393 1372 3501; x_wconf 90' lang='lat' dir='ltr'><em>legis</em></span> <span class='ocrx_word' id='word_1_173' title='bbox 1397 3393 1480 3473; x_wconf 91' lang='lat' dir='ltr'><em>Dei</em></span> <span class='ocrx_word' id='word_1_174' title='bbox 1508 3413 1545 3476; x_wconf 90' lang='lat' dir='ltr'><em>et</em></span> <span class='ocrx_word' id='word_1_175' title='bbox 1572 3394 1739 3478; x_wconf 88' lang='lat' dir='ltr'><em>inimicos</em></span> 
     </span>
     <span class='ocr_line' id='line_1_24' title="bbox 320 3509 1738 3676; baseline 0.003 -84.092"><span class='ocrx_word' id='word_1_176' title='bbox 320 3509 499 3676; x_wconf 60' lang='lat' dir='ltr'><em>:finale</em></span> <span class='ocrx_word' id='word_1_177' title='bbox 521 3514 604 3594; x_wconf 92' lang='lat' dir='ltr'><em>Dei</em></span> <span class='ocrx_word' id='word_1_178' title='bbox 629 3541 688 3595; x_wconf 88' lang='lat' dir='ltr'><em>ccc</em></span> <span class='ocrx_word' id='word_1_179' title='bbox 688 3512 802 3620; x_wconf 72' lang='lat' dir='ltr'><em>leyiae.</em></span> <span class='ocrx_word' id='word_1_180' title='bbox 845 3514 953 3595; x_wconf 92' lang='lat' dir='ltr'><em>XIV.</em></span> <span class='ocrx_word' id='word_1_181' title='bbox 974 3516 1040 3595; x_wconf 93' lang='lat' dir='ltr'><em>De</em></span> <span class='ocrx_word' id='word_1_182' title='bbox 1070 3514 1128 3595; x_wconf 90' lang='lat' dir='ltr'><em>bis</em></span> <span class='ocrx_word' id='word_1_183' title='bbox 1155 3543 1217 3623; x_wconf 85' lang='lat' dir='ltr'><em>que</em></span> <span class='ocrx_word' id='word_1_184' title='bbox 1212 3513 1317 3622; x_wconf 86' lang='lat' dir='ltr'><em>post</em></span> <span class='ocrx_word' id='word_1_185' title='bbox 1345 3516 1738 3598; x_wconf 89' lang='lat' dir='ltr'><em>excommunicationem</em></span> 
     </span>
     <span class='ocr_line' id='line_1_25' title="bbox 320 3621 1739 3747; baseline 0.003 -34.139"><span class='ocrx_word' id='word_1_186' title='bbox 320 3636 448 3713; x_wconf 88' lang='lat' dir='ltr'><em>“cum</em></span> <span class='ocrx_word' id='word_1_187' title='bbox 467 3635 567 3714; x_wconf 76' lang='lat' dir='ltr'><em>lubio</em></span> <span class='ocrx_word' id='word_1_188' title='bbox 585 3634 800 3743; x_wconf 83' lang='lat' dir='ltr'><em>penitentia</em></span> <span class='ocrx_word' id='word_1_189' title='bbox 824 3633 878 3715; x_wconf 90' lang='lat' dir='ltr'><em>ad</em></span> <span class='ocrx_word' id='word_1_190' title='bbox 894 3621 1220 3718; x_wconf 89' lang='lat' dir='ltr'><em>reconciliationem</em></span> <span class='ocrx_word' id='word_1_191' title='bbox 1238 3635 1408 3717; x_wconf 87' lang='lat' dir='ltr'><em>veniunt</em></span> <span class='ocrx_word' id='word_1_192' title='bbox 1462 3632 1552 3716; x_wconf 90' lang='lat' dir='ltr'><em>XV.</em></span> <span class='ocrx_word' id='word_1_193' title='bbox 1570 3635 1612 3718; x_wconf 87' lang='lat' dir='ltr'><em>de</em></span> <span class='ocrx_word' id='word_1_194' title='bbox 1621 3636 1739 3747; x_wconf 89' lang='lat' dir='ltr'><em>scele-</em></span> 
     </span>
     <span class='ocr_line' id='line_1_26' title="bbox 224 3754 1739 3897; baseline 0.003 -66"><span class='ocrx_word' id='word_1_195' title='bbox 224 3776 227 3782; x_wconf 47' lang='lat'><em>¹</em></span> <span class='ocrx_word' id='word_1_196' title='bbox 321 3754 465 3833; x_wconf 87' lang='lat' dir='ltr'><em>“ratis</em></span> <span class='ocrx_word' id='word_1_197' title='bbox 483 3772 520 3835; x_wconf 93' lang='lat' dir='ltr'><em>et</em></span> <span class='ocrx_word' id='word_1_198' title='bbox 529 3754 639 3863; x_wconf 85' lang='lat' dir='ltr'><em>publ</em></span> <span class='ocrx_word' id='word_1_199' title='bbox 621 3783 677 3836; x_wconf 85' lang='lat' dir='ltr'><em>ece</em></span> <span class='ocrx_word' id='word_1_200' title='bbox 695 3754 965 3838; x_wconf 88' lang='lat' dir='ltr'><em>contaminatis.</em></span> <span class='ocrx_word' id='word_1_201' title='bbox 1017 3756 1127 3840; x_wconf 92' lang='lat' dir='ltr'><strong>XVI</strong></span> <span class='ocrx_word' id='word_1_202' title='bbox 1144 3761 1238 3840; x_wconf 87' lang='lat' dir='ltr'><em>Item</em></span> <span class='ocrx_word' id='word_1_203' title='bbox 1254 3758 1395 3897; x_wconf 85' lang='lat' dir='ltr'><em>exempl</em></span> <span class='ocrx_word' id='word_1_204' title='bbox 1389 3790 1450 3844; x_wconf 89' lang='lat' dir='ltr'><em>um</em></span> <span class='ocrx_word' id='word_1_205' title='bbox 1467 3757 1618 3840; x_wconf 89' lang='lat' dir='ltr'><em>levioris</em></span> <span class='ocrx_word' id='word_1_206' title='bbox 1629 3757 1739 3865; x_wconf 90' lang='lat' dir='ltr'><em>peni·</em></span> 
     </span>
     <span class='ocr_line' id='line_1_27' title="bbox 320 3874 1738 3986; baseline 0.003 -32"><span class='ocrx_word' id='word_1_207' title='bbox 320 3882 347 3918; x_wconf 88' lang='lat'><strong>“</strong></span> <span class='ocrx_word' id='word_1_208' title='bbox 365 3875 504 3956; x_wconf 83' lang='lat' dir='ltr'><em>tentia.</em></span> <span class='ocrx_word' id='word_1_209' title='bbox 569 3874 697 3957; x_wconf 94' lang='lat' dir='ltr'><strong>XVII.</strong></span> <span class='ocrx_word' id='word_1_210' title='bbox 724 3877 985 3986; x_wconf 86' lang='lat' dir='ltr'><em>Excerptiones</em></span> <span class='ocrx_word' id='word_1_211' title='bbox 1021 3877 1065 3958; x_wconf 89' lang='lat' dir='ltr'><em>de</em></span> <span class='ocrx_word' id='word_1_212' title='bbox 1099 3878 1208 3962; x_wconf 90' lang='lat' dir='ltr'><em>libris</em></span> <span class='ocrx_word' id='word_1_213' title='bbox 1238 3878 1434 3962; x_wconf 87' lang='lat' dir='ltr'><em>canonicis.</em></span> <span class='ocrx_word' id='word_1_214' title='bbox 1498 3877 1646 3956; x_wconf 90' lang='lat' dir='ltr'><strong>XVIII.</strong></span> <span class='ocrx_word' id='word_1_215' title='bbox 1671 3881 1738 3960; x_wconf 92' lang='lat' dir='ltr'><em>De</em></span> 
     </span>
     <span class='ocr_line' id='line_1_28' title="bbox 321 3992 1738 4105; baseline 0.003 -31"><span class='ocrx_word' id='word_1_216' title='bbox 321 4001 348 4040; x_wconf 82' lang='lat'><em>‘⁸</em></span> <span class='ocrx_word' id='word_1_217' title='bbox 367 3993 576 4075; x_wconf 85' lang='lat' dir='ltr'><em>bumilitate</em></span> <span class='ocrx_word' id='word_1_218' title='bbox 592 4010 629 4073; x_wconf 91' lang='lat' dir='ltr'><em>et</em></span> <span class='ocrx_word' id='word_1_219' title='bbox 646 3992 831 4104; x_wconf 85' lang='lat' dir='ltr'><em>dignitate</em></span> <span class='ocrx_word' id='word_1_220' title='bbox 841 3997 1038 4105; x_wconf 75' lang='lat' dir='ltr'><em>pallorum.</em></span> <span class='ocrx_word' id='word_1_221' title='bbox 1082 3996 1192 4077; x_wconf 92' lang='lat' dir='ltr'><strong>XIX.</strong></span> <span class='ocrx_word' id='word_1_222' title='bbox 1208 3999 1275 4077; x_wconf 91' lang='lat' dir='ltr'><em>De</em></span> <span class='ocrx_word' id='word_1_223' title='bbox 1292 3998 1421 4081; x_wconf 90' lang='lat' dir='ltr'><em>timore</em></span> <span class='ocrx_word' id='word_1_224' title='bbox 1436 3997 1600 4079; x_wconf 87' lang='lat' dir='ltr'><em>humano.</em></span> <span class='ocrx_word' id='word_1_225' title='bbox 1646 3996 1738 4078; x_wconf 88' lang='lat' dir='ltr'><em>XX.</em></span> 
     </span>
     <span class='ocr_line' id='line_1_29' title="bbox 321 4113 1737 4225; baseline 0.003 -31"><span class='ocrx_word' id='word_1_226' title='bbox 321 4125 348 4159; x_wconf 90' lang='lat'>“</span> <span class='ocrx_word' id='word_1_227' title='bbox 371 4115 432 4195; x_wconf 90' lang='lat' dir='ltr'><em>De</em></span> <span class='ocrx_word' id='word_1_228' title='bbox 445 4113 668 4223; x_wconf 69' lang='lat' dir='ltr'><em>institutione</em></span> <span class='ocrx_word' id='word_1_229' title='bbox 675 4133 844 4223; x_wconf 85' lang='lat' dir='ltr'><em>patrum.</em></span> <span class='ocrx_word' id='word_1_230' title='bbox 860 4117 1021 4198; x_wconf 87' lang='lat' dir='ltr'><em>Karalus</em></span> <span class='ocrx_word' id='word_1_231' title='bbox 1031 4117 1074 4197; x_wconf 85' lang='lat' dir='ltr'><em>de</em></span> <span class='ocrx_word' id='word_1_232' title='bbox 1086 4113 1347 4221; x_wconf 86' lang='lat' dir='ltr'><em>restauratione</em></span> <span class='ocrx_word' id='word_1_233' title='bbox 1362 4117 1592 4225; x_wconf 74' lang='lat' dir='ltr'><em>ecclesiarum.</em></span> <span class='ocrx_word' id='word_1_234' title='bbox 1627 4115 1737 4198; x_wconf 90' lang='lat' dir='ltr'><strong>XXI.</strong></span> 
     </span>
     <span class='ocr_line' id='line_1_30' title="bbox 319 4232 1739 4343; baseline 0.004 -30"><span class='ocrx_word' id='word_1_235' title='bbox 319 4239 348 4279; x_wconf 89' lang='lat'><strong>“</strong></span> <span class='ocrx_word' id='word_1_236' title='bbox 369 4232 609 4342; x_wconf 85' lang='lat' dir='ltr'><em>Desabbato.</em></span> <span class='ocrx_word' id='word_1_237' title='bbox 655 4234 785 4315; x_wconf 90' lang='lat' dir='ltr'><strong>XXII.</strong></span> <span class='ocrx_word' id='word_1_238' title='bbox 805 4235 871 4314; x_wconf 90' lang='lat' dir='ltr'><em>De</em></span> <span class='ocrx_word' id='word_1_239' title='bbox 887 4233 945 4314; x_wconf 89' lang='lat' dir='ltr'><em>bis</em></span> <span class='ocrx_word' id='word_1_240' title='bbox 964 4235 1029 4342; x_wconf 89' lang='lat' dir='ltr'><em>qui</em></span> <span class='ocrx_word' id='word_1_241' title='bbox 1046 4233 1280 4316; x_wconf 83' lang='lat' dir='ltr'><em>morientibus</em></span> <span class='ocrx_word' id='word_1_242' title='bbox 1291 4237 1535 4343; x_wconf 89' lang='lat' dir='ltr'><em>penitentiam</em></span> <span class='ocrx_word' id='word_1_243' title='bbox 1551 4235 1739 4342; x_wconf 89' lang='lat' dir='ltr'><em>denegant.</em></span> 
     </span>
     <span class='ocr_line' id='line_1_31' title="bbox 321 4350 1738 4462; baseline 0.005 -33"><span class='ocrx_word' id='word_1_244' title='bbox 321 4361 348 4398; x_wconf 78' lang='lat'><em>‘⁶</em></span> <span class='ocrx_word' id='word_1_245' title='bbox 368 4352 520 4435; x_wconf 91' lang='lat' dir='ltr'><strong>XXIII.</strong></span> <span class='ocrx_word' id='word_1_246' title='bbox 547 4356 611 4435; x_wconf 92' lang='lat' dir='ltr'><em>De</em></span> <span class='ocrx_word' id='word_1_247' title='bbox 639 4381 727 4434; x_wconf 92' lang='lat' dir='ltr'><em>cena</em></span> <span class='ocrx_word' id='word_1_248' title='bbox 754 4350 925 4435; x_wconf 90' lang='lat' dir='ltr'><em>Domini.</em></span> <span class='ocrx_word' id='word_1_249' title='bbox 983 4352 1133 4434; x_wconf 91' lang='lat' dir='ltr'><strong>XXIV.</strong></span> <span class='ocrx_word' id='word_1_250' title='bbox 1158 4356 1225 4435; x_wconf 90' lang='lat' dir='ltr'><em>De</em></span> <span class='ocrx_word' id='word_1_251' title='bbox 1255 4357 1513 4460; x_wconf 82' lang='lat' dir='ltr'><em>consecratione</em></span> <span class='ocrx_word' id='word_1_252' title='bbox 1542 4354 1738 4462; x_wconf 86' lang='lat' dir='ltr'><em>crismatis.</em></span> 
     </span>
     <span class='ocr_line' id='line_1_32' title="bbox 321 4472 1451 4586; baseline 0.008 -35"><span class='ocrx_word' id='word_1_253' title='bbox 321 4485 348 4521; x_wconf 85' lang='lat'><strong>“</strong></span> <span class='ocrx_word' id='word_1_254' title='bbox 367 4473 496 4553; x_wconf 87' lang='lat' dir='ltr'><strong>XXV.</strong></span> <span class='ocrx_word' id='word_1_255' title='bbox 516 4478 568 4557; x_wconf 88' lang='lat' dir='ltr'><em>Ut</em></span> <span class='ocrx_word' id='word_1_256' title='bbox 585 4472 632 4556; x_wconf 90' lang='lat' dir='ltr'><em>ab</em></span> <span class='ocrx_word' id='word_1_257' title='bbox 649 4474 803 4556; x_wconf 90' lang='lat' dir='ltr'><em>alterius</em></span> <span class='ocrx_word' id='word_1_258' title='bbox 821 4473 973 4584; x_wconf 81' lang='lat' dir='ltr'><em>episcopo</em></span> <span class='ocrx_word' id='word_1_259' title='bbox 990 4473 1109 4555; x_wconf 89' lang='lat' dir='ltr'><em>nullus</em></span> <span class='ocrx_word' id='word_1_260' title='bbox 1127 4475 1260 4583; x_wconf 88' lang='lat' dir='ltr'><em>crisma</em></span> <span class='ocrx_word' id='word_1_261' title='bbox 1276 4475 1451 4586; x_wconf 78' lang='lat' dir='ltr'><em>accepiet.</em></span> 
     </span>
     <span class='ocr_line' id='line_1_33' title="bbox 321 4590 941 4704; baseline 0.015 -33"><span class='ocrx_word' id='word_1_262' title='bbox 321 4602 348 4641; x_wconf 88' lang='lat'><strong>“</strong></span> <span class='ocrx_word' id='word_1_263' title='bbox 368 4593 516 4675; x_wconf 89' lang='lat' dir='ltr'><strong>XXVI.</strong></span> <span class='ocrx_word' id='word_1_264' title='bbox 537 4597 600 4675; x_wconf 90' lang='lat' dir='ltr'><em>De</em></span> <span class='ocrx_word' id='word_1_265' title='bbox 619 4590 824 4704; x_wconf 85' lang='lat' dir='ltr'><em>conjugio.</em></span> <span class='ocrx_word' id='word_1_266' title='bbox 938 4690 941 4695; x_wconf 87' lang='lat'><strong>.</strong></span> 
     </span>
     <span class='ocr_line' id='line_1_34' title="bbox 322 4711 1042 4824; baseline 0.004 -31"><span class='ocrx_word' id='word_1_267' title='bbox 322 4725 350 4763; x_wconf 84' lang='lat'>“</span> <span class='ocrx_word' id='word_1_268' title='bbox 370 4713 538 4795; x_wconf 88' lang='lat' dir='ltr'><strong>XXVII.</strong></span> <span class='ocrx_word' id='word_1_269' title='bbox 558 4718 621 4796; x_wconf 90' lang='lat' dir='ltr'><em>De</em></span> <span class='ocrx_word' id='word_1_270' title='bbox 639 4713 821 4824; x_wconf 84' lang='lat' dir='ltr'><em>legitimo</em></span> <span class='ocrx_word' id='word_1_271' title='bbox 839 4711 1042 4824; x_wconf 87' lang='lat' dir='ltr'><em>conjugio.</em></span> 
     </span>
     <span class='ocr_line' id='line_1_35' title="bbox 324 4831 1204 4921; baseline 0.01 -11"><span class='ocrx_word' id='word_1_272' title='bbox 324 4845 350 4882; x_wconf 78' lang='lat'><em>⁸‘</em></span> <span class='ocrx_word' id='word_1_273' title='bbox 371 4832 560 4916; x_wconf 87' lang='lat' dir='ltr'><strong>XXVIII.</strong></span> <span class='ocrx_word' id='word_1_274' title='bbox 582 4838 645 4918; x_wconf 85' lang='lat' dir='ltr'><em>De</em></span> <span class='ocrx_word' id='word_1_275' title='bbox 663 4831 926 4919; x_wconf 84' lang='lat' dir='ltr'><em>matrimonio</em></span> <span class='ocrx_word' id='word_1_276' title='bbox 943 4833 1204 4921; x_wconf 79' lang='lat' dir='ltr'><em>servulorum.</em></span> 
     </span>
     <span class='ocr_line' id='line_1_36' title="bbox 260 4953 868 5049; baseline 0.008 -13"><span class='ocrx_word' id='word_1_277' title='bbox 260 4971 263 4975; x_wconf 82' lang='grc'><em>·</em></span> <span class='ocrx_word' id='word_1_278' title='bbox 322 4966 352 5049; x_wconf 65' lang='lat' dir='ltr'><em>f‘</em></span> <span class='ocrx_word' id='word_1_279' title='bbox 371 4954 518 5039; x_wconf 86' lang='lat' dir='ltr'><strong>XXIX.</strong></span> <span class='ocrx_word' id='word_1_280' title='bbox 539 4958 603 5039; x_wconf 86' lang='lat' dir='ltr'><em>De</em></span> <span class='ocrx_word' id='word_1_281' title='bbox 620 4953 868 5043; x_wconf 83' lang='lat' dir='ltr'><em>concubinis.</em></span> 
     </span>
    </p>
   </div>
   <div class='ocr_carea' id='block_1_4' title="bbox 0 0 2121 5908">
    <p class='ocr_par' dir='ltr' id='par_1_8' title="bbox 0 0 2121 5908">
     <span class='ocr_line' id='line_1_37' title="bbox 0 0 2121 5908; baseline 0 0"><span class='ocrx_word' id='word_1_282' title='bbox 0 0 2121 5908; x_wconf 95' lang='lat' dir='ltr'><em> </em></span> 
     </span>
    </p>
   </div>
  </div>
 </body>
</html>
