4214 5910
372 647 499 772 5a-
1025 623 1301 771 nxnnnr.

423 836 470 914 ln
484 813 559 912 'hoc
583 829 674 912 libro
693 827 917 910 continentur
932 853 1043 908 omnes
1061 827 1152 906 libri
1177 825 1336 936 br‘slor'iti
1352 823 1487 909 veteris
1507 817 1734 937 Testamenti,
1763 827 1914 936 historia

370 953 589 1062 evangelica,
609 952 700 1033 liber
716 946 849 1046 Tabia,
876 949 1026 1060 Judith,
1052 949 1190 1056 Hester,
1215 950 1370 1045 Daniel,
1389 949 1455 1032 daco
1472 949 1563 1031 libri
1581 950 1913 1051 Maecianum,

370 1081 488 1162 Atlas
500 1091 568 1184 apo
595 1076 735 1169 olorum,
754 1073 846 1154 liber
865 1070 952 1182 Job,
972 1090 1006 1152 et
1024 1070 1178 1152 Cantica
1197 1073 1439 1156 canticorum.

425 1198 529 1308 Huic
544 1216 661 1277 autem
679 1197 776 1308 operi
785 1197 1041 1304 praefiguntur,

436 1344 471 1401 1.
500 1317 687 1400 Historiae
704 1315 920 1426 allegoricae
933 1333 974 1398 et
987 1307 1188 1398 sententiae
1206 1316 1377 1399 morales
1395 1315 1445 1397 de
1458 1312 1645 1428 operibus
1660 1315 1725 1400 sen
1740 1317 1915 1420 dierum,

496 1441 732 1552 cumfigaris.

432 1591 470 1646 2.
494 1561 796 1673 compendium
818 1560 958 1643 veteris
985 1560 1232 1645 Testamenti
1255 1559 1472 1644 seeundum
1500 1565 1615 1673 Mag.
1634 1565 1798 1645 Petrum
1826 1561 1916 1647 Pic-

499 1684 712 1767 taviensem
732 1682 1011 1766 cancellarium
1029 1683 1193 1764 ecclesiae
1210 1680 1443 1766 Parifienfis.

497 1802 639 1890 Tabula
656 1807 940 1916 estgenealogica
958 1835 1035 1886 cum
1041 1807 1181 1916 figaris
1199 1805 1348 1916 capieris
1365 1822 1399 1887 el
1419 1807 1511 1888 notis
1526 1806 1699 1918 historicis
1717 1824 1753 1888 ct
1771 1808 1916 1891 chrono-

500 1930 624 2038 logicis
640 1928 688 2008 ab
705 1928 846 2010 Atlanta
865 1929 967 2038 usqne
983 1927 1035 2008 ad
1049 1928 1140 2008 Chri
1166 1957 1238 2009 um.

435 2083 473 2163 3.
503 2055 569 2148 De
583 2048 770 2158 gradibus
790 2046 1027 2130 humilitatis
1045 2065 1085 2130 et
1103 2049 1151 2130 de
1168 2047 1356 2158 gradibus
1374 2048 1577 2164 superbiae,
1597 2049 1772 2135 metrice.

430 2201 472 2280 4.
500 2168 797 2283 Compendium
814 2168 906 2254 libri
925 2169 997 2282 qui
1013 2168 1161 2255 dicitur
1181 2179 1352 2255 Aurora.

955 2381 1322 2499 LXXXIV.

432 2536 546 2624 Codex
563 2539 843 2624 membranaceus
861 2543 1017 2655 infolio,
1026 2546 1144 2657 seculo
1163 2546 1398 2658 xvscriptus,
1418 2542 1459 2626 in
1478 2571 1543 2653 quo
1561 2540 1798 2642 continentur,

437 2688 472 2746 1.
498 2654 694 2746 Gulielmi
710 2665 758 2745 de
776 2682 916 2748 monte
935 2669 1135 2750 Landuno
1155 2667 1432 2750 sacramentale
1454 2666 1544 2777 (fine
1560 2666 1799 2773 mutilatum.)

435 2813 473 2869 2.
497 2784 815 2868 Constitutiones
837 2788 1026 2871 Richardi
1045 2789 1325 2901 archiepiscopi
1343 2783 1637 2873 cantuarienses
1656 2788 1765 2901 apud
1782 2787 1920 2872 Westss

499 2907 796 3006 monasterium,
821 2910 892 3017 [A.
912 2916 966 2993 D.
992 2913 1129 3022 1175.]

431 3058 468 3139 3.
497 3027 812 3113 Constitutioues
845 3031 1104 3144 provinciales
1139 3037 1178 3117 S.
1197 3031 1402 3117 Edmundi
1435 3029 1729 3114 cantuariensis
1764 3032 1918 3117 archie-

497 3149 657 3260 piscopi.

431 3300 470 3376 4.
499 3270 812 3357 Constitutiones
837 3277 1095 3386 provinciales
1120 3279 1175 3361 D.
1193 3277 1385 3389 Stephani
1407 3275 1602 3387 Mepham
1618 3275 1918 3360 Cantuarienfis

501 3392 778 3505 archiepiscopi
796 3398 909 3480 editae
929 3400 1035 3509 apud
1054 3399 1289 3482 Lamhethe.

433 3543 470 3624 5.
499 3514 744 3597 Constitutio
770 3522 823 3599 D.
840 3524 893 3602 D.
913 3521 1080 3603 Roberti
1100 3521 1327 3604 Winchelse
1344 3539 1384 3604 et
1404 3525 1461 3602 W
1480 3573 1499 3588 -
1518 3573 1538 3589 -
1557 3572 1577 3587 -
1595 3534 1673 3602 -et
1699 3519 1916 3606 secundum

382 3758 387 3767 .
435 3728 440 3738 ,
501 3633 690 3744 quosdam
713 3635 885 3722 Simonis
914 3639 1012 3753 Issep
1040 3641 1320 3753 archiepiscopi
1339 3641 1646 3741 Cantuarienfis,
1675 3641 1773 3752 quid
1797 3669 1917 3754 paro·
2074 3762 2075 3765 p

413 3876 417 3881 ,
502 3756 635 3838 chiani
653 3756 827 3842 invenire
839 3761 1011 3847 debeant
1026 3764 1073 3847 in
1090 3766 1246 3849 ecclelia
1260 3784 1301 3848 et
1316 3764 1419 3874 quid
1437 3763 1620 3846 renones.

434 3877 474 3978 6.
502 3876 816 3964 constitutiones
843 3888 898 3966 D.
918 3885 1089 3970 Simonis
1117 3890 1165 3970 de
1190 3888 1287 3999 Issep
1316 3885 1595 3999 archiepiscopi
1619 3885 1917 3971 Cantuariensrs

501 4000 550 4081 de
577 4000 794 4110 presbiteris
821 4007 1008 4090 annualia
1026 4011 1270 4094 celebrandis
1294 4027 1333 4091 et
1359 4010 1444 4092 aliis
1470 4038 1556 4092 non
1571 4008 1721 4091 curatis
1745 4025 1793 4091 ut
1809 4009 1916 4092 curis
2029 4113 2032 4117 ,

503 4122 720 4205 deserviant
738 4124 930 4226 desolatis,
951 4131 1053 4212 datae
1072 4132 1178 4242 apud
1196 4131 1429 4230 Lamhethe,
1449 4137 1500 4214 A.
1517 4135 1570 4213 D.
1598 4117 1714 4241 1362.

432 4269 474 4354 7.
503 4245 749 4328 Constitutio
779 4252 832 4330 D.
852 4252 1018 4334 Roberti
1042 4254 1090 4335 de
1112 4253 1374 4366 Wynchelsey
1397 4251 1674 4365 archiepiscopi
1697 4250 1916 4336 Cantuari-

503 4365 601 4448 ensrs
619 4366 727 4450 faita
744 4368 787 4451 in
803 4370 1025 4455 visitatione
1043 4375 1123 4473 sua,
1143 4382 1194 4458 A.
1211 4383 1264 4459 D.
1290 4405 1405 4486 1305·

432 4485 475 4568 8.
498 4492 623 4570 Car-ta
649 4492 835 4574 Edwardi
861 4494 962 4602 regie
987 4497 1040 4577 de
1063 4498 1218 4580 casabus
1248 4499 1293 4581 in
1317 4499 1467 4608 quibus
1493 4497 1613 4605 judex
1639 4495 1915 4584 occidimieus

501 4609 627 4717 potest
645 4612 873 4720 cognoscere
891 4616 996 4728 regia
1013 4619 1283 4731 prohibitione
1301 4649 1385 4706 non
1405 4621 1597 4706 obstante.

1711 4769 1750 4851 9.
1779 4738 1916 4822 Libera

430 5009 639 5098 LXXXIV.]
655 5014 717 5086 Vct.
733 5020 799 5087 Cat.
815 5017 851 5088 Ρ.
868 5043 919 5111 14.
935 5024 1032 5096 MSS.
1048 5025 1134 5114 Aegl.
1153 5049 1168 5098 a
1172 5045 1348 5119 51a··245.

432 5108 483 5193 8·]
498 5109 568 5181 Vrle
580 5109 776 5217 ccccxn.
791 5144 824 5183 o.
