4214 5910
298 757 393 849 230
999 716 1173 813 CLXI.

342 941 380 1023 5.
409 909 505 992 Vita
523 923 562 991 et
579 905 772 990 miracula
793 905 926 989 Sanffi
945 904 1199 988 Erkenwaldi
1219 909 1491 993 Londonenfis
1509 910 1696 1025 episcopi.

342 1040 381 1118 6.
410 1030 507 1113 Vita
525 1048 565 1112 et
582 1030 774 1111 miracula
793 1028 928 1111 Sanffl
949 1027 1148 1110 Swithuni
1168 1029 1351 1142 episcopi.

341 1185 380 1269 7.
409 1153 505 1235 Vita
526 1151 660 1234 Sancti
682 1150 805 1235 Neoti
824 1149 989 1233 abbatia.

338 1280 376 1363 8.
405 1275 502 1360 Vita
520 1274 655 1357 sancii
671 1273 861 1358 Iohannis
880 1271 1161 1385 archiepiscopi
1176 1274 1445 1360 Eboracenfis.

343 1433 383 1512 9.
413 1400 507 1482 Vita
527 1394 661 1479 Sancti
682 1396 875 1507 Botulphi
894 1395 1060 1477 abbatis.

343 1554 406 1607 10.
435 1521 635 1604 Miracula
654 1518 787 1601 Sancti
807 1517 997 1600 Ithamari
1016 1517 1186 1631 episcopi

343 1676 404 1728 11.
435 1643 530 1726 Vita
551 1641 685 1723 Sancti
704 1641 836 1724 David
854 1638 1062 1723 Gualenfis
1084 1640 1364 1752 archiepiscopi

344 1795 405 1852 12.
435 1766 531 1848 Vita
543 1763 843 1845 SansiiOdonis
859 1762 1012 1846 abbatis
1033 1760 1340 1873 [Cluniacenfis]
1355 1790 1427 1874 per
1439 1758 1604 1849 sratoem
1617 1771 1825 1852 Ioannem.

344 1922 406 2000 13.
434 1888 530 1971 Vita
548 1884 692 1993 Maioli
710 1886 864 1969 abbatis
886 1883 1155 1967 Cluniacensis
1178 1912 1247 1996 per
1267 1887 1496 1969 odilonem.

346 2042 408 2120 14.
436 2010 532 2091 Vita
553 2008 736 2091 Odilonis
757 2007 910 2091 abbatis
931 2006 1201 2089 Cluniacenfis
1220 2036 1289 2119 per
1306 2014 1467 2091 Petrum
1491 2008 1754 2095 Damianum.

346 2167 361 2219 1
370 2165 406 2244 ς.
435 2130 530 2214 Vita
550 2131 736 2240 Hugonis
756 2130 909 2212 abbatis
929 2127 1198 2212 Cluniacenfis
1216 2158 1287 2243 per
1308 2134 1542 2240 Hugonem.

346 2262 406 2340 16.
434 2254 529 2337 Vita
547 2253 653 2335 beati
670 2253 896 2337 eonfesIoris
916 2249 1067 2334 Christi
1085 2252 1270 2335 Edwardi
1289 2253 1449 2361 gloriosi
1476 2255 1578 2365 regis
1597 2258 1829 2366 Anglorum

434 2376 582 2459 distata
602 2404 624 2457 a
644 2375 810 2458 domino
830 2373 1006 2457 AEilredo
1031 2374 1173 2456 abbate
1192 2374 1437 2458 Rievallenfi.

345 2530 406 2613 17.
435 2499 531 2583 Vita
550 2516 590 2580 et
608 2497 799 2579 miracula
820 2496 954 2579 Sanni
972 2496 1158 2578 Edwardi
1172 2496 1273 2605 regis
1293 2515 1332 2579 et
1353 2496 1579 2581 confessoris
1599 2498 1827 2583 abbreviata

439 2618 675 2705 extractam
695 2624 738 2701 B.
758 2618 923 2703 Osberni
943 2617 1284 2701 westmonasterii
1299 2619 1455 2731 pn'oris.

433 2746 502 2827 Ad
500 2748 665 2853 frontem
676 2742 813 2825 coticis
823 2742 869 2852 cst
872 2744 1006 2854 figura
1022 2742 1278 2854 archiepiscopi
1294 2742 1445 2852 vestibus
1455 2743 1652 2855 pontfficiis
1667 2761 1702 2825 et
1712 2746 1832 2855 pallio

437 2867 570 2948 induti.

439 2999 465 3034 “
477 2989 653 3096 Quamvis
670 2986 745 3069 huc
763 2986 906 3095 legenda
913 2986 1134 3093 sentiarum,
1156 2990 1352 3082 utineam,
1371 3017 1397 3068 a
1414 2984 1535 3067 multis
1546 3005 1832 3085 contemnantur,

440 3121 602 3194 “tamen
616 3111 704 3220 quia
722 3112 762 3192 in
782 3112 830 3191 iis
847 3110 991 3219 aliquid
1006 3109 1160 3220 hcstoriae
1177 3110 1391 3207 continetur,
1413 3139 1481 3193 non
1492 3108 1584 3220 fiunt
1606 3109 1835 3219 negligenda,

439 3245 466 3281 “
479 3234 568 3316 unde
578 3232 676 3343 pistis
693 3235 757 3316 vel
770 3263 896 3315 verum
914 3232 1039 3315 videre
1054 3235 1117 3315 vel
1128 3230 1645 3347 antiquorumstcperstt'tc'onrm
1666 3236 1835 3315 notare.”

936 3436 1188 3560 CLXII.

343 3602 458 3692 Codex
474 3607 754 3690 membranaceus
773 3607 920 3717 infolio
937 3608 1066 3688 minor.
1097 3624 1181 3689 ante
1205 3606 1481 3718 conquifitionern
1495 3604 1647 3713 Angtiae
1652 3604 1840 3717 scriptus,

291 3735 332 3816 in
352 3763 416 3843 quo
431 3732 644 3828 continetur,

118 3874 127 3887 ·
211 3900 216 3919 .
351 3852 629 3983 Homelip1·um
652 3851 932 3935 saxonicarum
956 3849 1075 3957 Libet
1093 3850 1262 3962 primus.

926 4014 1213 4179 ccxci

351 4231 466 4316 Codex
483 4231 763 4343 menbranuceus
782 4230 822 4319 in
829 4229 927 4340 solio
943 4231 1074 4312 minor.
1077 4227 1195 4338 seculo
1212 4226 1271 4310 xii
1275 4226 1451 4340 scriptus,
1468 4227 1555 4323 viz,

1698 4348 1851 4432 Ponti-

361 4677 508 4761 12.]Vnte
523 4675 777 4743 CCCXXVIII.
796 4696 827 4743 2.
939 4680 952 4699 “

360 4774 429 4861 13.]
446 4778 514 4846 Vide
527 4773 778 4842 CCCXXVIII.
795 4796 825 4861 3.

364 4872 431 4953 14]
446 4872 514 4938 Vnde
528 4868 781 4936 CCCXXVIII.
798 4892 830 4951 4.

363 4962 431 5044 16.]
447 4966 517 5033 Van
532 4962 752 5033 CCCXVIII.
769 4987 796 5032 1.

359 5059 515 5143 CLXII]
531 5063 593 5130 Vct.
610 5063 675 5126 Cat.
692 5058 723 5129 S.
741 5080 773 5147 5.
788 5058 884 5125 MSS.
903 5056 987 5141 AngI.
1007 5076 1198 5145 1541··274.

360 5154 531 5240 CLXIII]
547 5158 611 5224 Vct.
626 5160 693 5223 Cat.
708 5156 735 5221 1.
757 5178 785 5247 3:
800 5155 897 5223 MSS.
914 5154 998 5236 Angl.
1019 5174 1184 5241 1371··94.

177 5338 182 5345 Ι
340 5250 533 5335 CLXIII]
551 5253 621 5324 thc
635 5250 757 5320 XLIV.
769 5249 928 5321 LXXIX.
946 5246 1099 5316 CXLVI.
