4244 5910
918 658 1077 765 oxu.
1701 629 1796 803 1'33

382 839 453 938 Ad
451 851 615 963 finem
619 845 800 931 ‘Finilur
815 848 876 932 hic
893 869 1065 961 quantum
1082 852 1210 933 habere
1219 847 1326 961 potul
1343 855 1419 939 del
1401 856 1493 940 libro
1506 851 1642 971 quintae
1655 863 1804 973 effantiae

386 974 695 1084 “transcriptum
711 1002 779 1055 non
799 976 936 1083 poturis
954 977 1104 1084 expensts
1075 975 1172 1055 rde
1195 976 1404 1060 bibliotheca
1422 1028 1639 1051 ------
1658 989 1805 1098 episcopi

385 1107 412 1142 “
435 1146 690 1164 -------
710 1097 751 1178 de
768 1126 876 1204 regno
895 1099 1142 1206 Portingaliae
1166 1099 1277 1180 michi
1299 1119 1336 1183 et
1352 1103 1464 1185 alteri
1488 1109 1601 1189 amico
1626 1138 1699 1191 meo
1722 1111 1805 1194 inde

381 1218 702 1329 “transmifficml'

307 1352 350 1453 4.
379 1341 682 1423 Testamentum
704 1340 948 1451 Raymundi,
969 1361 1012 1451 p.
1032 1341 1053 1422 8
1060 1369 1097 1451 5.

312 1494 351 1574 ς.
380 1461 558 1545 Ρτεξὶίςει
577 1464 897 1575 Raymundiſsoe
913 1462 1081 1546 secunda
1101 1493 1192 1576 pars
1210 1463 1449 1567 testamenti,
1471 1489 1516 1582 p.
1532 1475 1629 1556 261.

311 1590 350 1670 6.
378 1585 685 1695 Codicillusstve
703 1588 801 1666 vade
821 1613 993 1684 mecum,
1016 1605 1058 1696 p.
1079 1617 1172 1698 373.

309 1736 349 1819 7.
378 1707 500 1790 Liber
527 1706 680 1817 quintae
703 1708 869 1790 ellentiae
882 1713 967 1820 stve
993 1708 1042 1789 de
1069 1712 1325 1795 metallorum
1353 1713 1683 1799 transmutatione
1702 1741 1799 1806 cum
1949 1721 1951 1725 ’

376 1832 546 1940 prologo
566 1830 751 1913 Monaldi
770 1829 1047 1929 consolatorio,
1068 1851 1111 1942 p.
1127 1835 1222 1939 461.

308 1951 347 2037 8.
377 1951 725 2064 Lapidariumstoe
744 1952 878 2036 anima
897 1953 990 2036 artis
1012 1954 1360 2056 transmutatoriae,
1381 1977 1425 2069 p.
1443 1966 1535 2071 569³

305 2106 346 2185 9.
376 2080 492 2188 Opus
514 2075 820 2185 margaritarum
840 2094 879 2158 et
898 2076 1078 2189 lapidum
1096 2077 1371 2186 pretiosorum,
1392 2101 1435 2191 p.
1454 2085 1545 2192 582.

307 2227 371 2281 10.
400 2197 578 2309 Epistola
598 2199 880 2283 accurtationis
900 2198 1043 2311 lapidis
1061 2199 1392 2312 philosophorum
1415 2206 1464 2287 ad
1485 2233 1616 2315 regem
1638 2206 1794 2292 Robe1·-'

402 2339 505 2415 tum,
563 2384 571 2401 .
673 2385 682 2404 .

308 2471 370 2526 11.
398 2340 577 2526 Prauila
590 2349 874 2542 lglmocinalis,
893 2473 983 2556 quae
999 2444 1146 2530 dicitur
1163 2474 1225 2529 ars
1245 2444 1372 2532 brevis
1388 2449 1454 2532 seu
1471 2448 1646 2562 practica
1661 2451 1790 2565 operis

400 2565 581 2664 minotio,
603 2586 645 2679 p.
662 2570 756 2677 603.

308 2711 370 2774 12.
400 2689 615 2772 Tractatus
634 2687 785 2775 arboris
803 2687 1138 2804 philosophicalis,
1161 2710 1204 2803 p.
1221 2694 1315 2802 663.

900 2913 1130 3030 CXIII.

296 3085 413 3170 Codex
431 3087 637 3168 chartaceus
654 3086 811 3196 infolio,
820 3087 939 3197 seculo
958 3088 1209 3197 xviscriptus,
1230 3087 1271 3168 in
1290 3116 1354 3197 quo
1373 3090 1611 3186 continentur,

304 3237 340 3292 1.
369 3208 547 3320 Epistola
570 3198 749 3317 [Buceri]
772 3210 821 3290 ad
841 3206 1049 3290 dominam
1070 3208 1345 3291 Elizabetham
1364 3209 1465 3319 regia
1485 3210 1669 3308 sororem,
1694 3213 1788 3298 data
1915 3276 1918 3281 -

245 3378 262 3427 ·.
366 3330 599 3414 Lambethae
622 3334 646 3413 6
663 3331 742 3413 kal.
760 3336 866 3443 Sept.
892 3359 1018 3442 1549:
1050 3329 1092 3413 iu
1112 3360 1193 3440 qua
1207 3335 1461 3414 commendat
1478 3332 1514 3414 ei
1532 3331 1785 3444 peregrlnum

364 3455 566 3563 quendam
585 3452 656 3563 qui
676 3452 875 3563 religionis
897 3482 991 3562 ergo
1010 3452 1053 3534 in
1073 3454 1264 3562 Angliam
1283 3472 1456 3552 venerat,
1478 3474 1521 3566 p.
1544 3485 1577 3537 1.

295 3607 336 3663 2.
365 3576 543 3687 Epistola
573 3576 640 3684 [ut
668 3574 824 3658 videtur
847 3574 1052 3682 Aschami]
1084 3578 1177 3667 data
1212 3605 1256 3656 12
1274 3576 1353 3657 kal.
1374 3582 1480 3659 Nov.
1512 3606 1558 3686 15
1564 3608 1628 3687 50,
1659 3577 1784 3661 mittit

363 3698 537 3782 dominae
556 3697 802 3780 Elizabethae
831 3699 913 3780 duo
931 3698 1171 3811 exemplaria
1198 3696 1320 3782 libelli
1344 3725 1368 3779 a
1386 3699 1564 3783 sturmio
1583 3697 1678 3783 editi
1706 3728 1783 3783 no-

361 3820 471 3903 mine
490 3820 654 3903 autoriS.

294 3977 333 4057 3.
362 3944 539 4055 Epistola
572 3943 750 4054 [Buceri]
779 3947 827 4027 ad
853 3945 1132 4029 Marchionem
1158 3944 1472 4027 Dorcestrensem
1500 3944 1592 4026 data
1613 3949 1664 4026 26
1684 3949 1780 4029 Dec.

368 4094 486 4175 1550,
516 4068 745 4174 gratulatur
771 4066 807 4148 ei
837 4071 946 4177 quod
980 4069 1024 4149 in
1058 4067 1274 4149 concilium
1307 4067 1536 4177 supremum
1569 4083 1780 4177 cooptatus

361 4188 463 4287 effet,
484 4208 521 4270 et
541 4189 679 4272 multis
691 4188 936 4299 argumentis
953 4187 1099 4284 suadet,
1120 4216 1170 4267 ne
1189 4191 1294 4268 bona
1305 4187 1469 4268 ecclesiae
1480 4186 1578 4267 olim
1589 4186 1717 4268 dicata
1735 4188 1780 4268 in

362 4310 463 4393 alios
484 4311 575 4426 ulus
595 4311 832 4407 alienentur,
860 4310 923 4393 sed
943 4310 990 4391 ad
1017 4308 1217 4391 ministros
1236 4307 1313 4391 Dei
1332 4307 1603 4393 sustentandos
1621 4326 1661 4388 et
1679 4306 1779 4391 alios

358 4434 446 4543 pios
466 4434 558 4516 usus
579 4433 748 4516 omnino
770 4434 1032 4545 applicentur,
1055 4450 1099 4543 p.
1118 4460 1154 4539 ς.
1553 4498 1556 4503 .

287 4585 329 4664 4.
357 4557 536 4668 Epistola
551 4557 731 4668 [Bucen]
749 4559 797 4639 ad
811 4556 1080 4655 marchionem
1091 4550 1538 4665 Northamptonensem,
1548 4550 1594 4636 in
1602 4571 1778 4666 quaorat

1727 4696 1776 4760 ut

289 4996 339 5084 7.]
355 4997 424 5065 Vide
435 4995 637 5065 CCCXCV.
655 5020 684 5084 ς.
703 4998 969 5066 CCCXCV1.6.

285 5099 339 5180 8.]
355 5100 425 5168 Vide
440 5103 525 5186 supra
545 5123 571 5166 1.
588 5102 795 5170 CCCXCVI
812 5126 844 5192 3.

283 5200 751 5291 cxl1t1Vnco.mnc.A.
787 5246 789 5250 >
