4214 5910
374 655 444 751 14
900 593 905 603 ’
1081 637 1268 760 xxv.

283 826 284 829 ‘
381 800 388 808 “
421 811 488 908 16,
508 836 576 920 ·17.
607 813 672 894 nd
691 815 894 921 Magnum
913 815 961 896 de
978 818 1217 902 Novaciano
1237 820 1407 934 epistola
1426 825 1528 910 duae.

425 931 488 1014 18.
517 936 582 1015 De
602 933 824 1017 Numidico
843 936 1059 1044 presbitero
1079 940 1279 1026 ordinato.

292 1140 301 1151 ,
425 1081 488 1165 19.
516 1056 581 1136 De
600 1056 791 1139 Mantiate
810 1074 850 1139 et
868 1057 1047 1142 Bafilide.
1144 1130 1148 1138 .

415 1202 482 1262 20.
511 1180 577 1260 Ad
595 1178 745 1262 Fidum
760 1181 808 1261 de
828 1179 1051 1264 infantibus
1073 1182 1339 1295 baptizandis.

381 1356 386 1365 ·
417 1325 484 1383 21.
512 1303 579 1384 Ad
599 1302 834 1384 Eucratium
850 1303 902 1383 de
918 1300 1123 1387 histrione.

417 1448 595 1530 22-29.
626 1423 811 1534 Epistolae
831 1421 925 1505 οὸἲο
950 1425 1000 1504 ad
1019 1426 1270 1511 Cornelium.

415 1573 482 1654 30.
509 1548 578 1629 Ad
596 1545 875 1654 Rogacianum
892 1563 936 1626 et
956 1565 1110 1630 ceteros
1130 1549 1381 1637 confessores.

412 1695 481 1778 31.
509 1668 575 1749 Ad
595 1667 751 1777 plebem
771 1667 820 1747 de
839 1665 1021 1776 quinque
1039 1667 1272 1777 prelbiteris.

414 1816 480 1899 32.
509 1789 576 1872 Ad
596 1787 830 1900 Epiteblum
845 1784 888 1870 et
907 1789 1080 1899 plebem.

411 1940 478 2022 33.
509 1913 575 1995 Ad
592 1914 744 1994 clerum
766 1927 808 1993 et
826 1911 998 2023 plebem.

411 2061 479 2144 34.
509 2036 574 2117 Ad
593 2032 769 2115 Lucium
790 2033 840 2114 de
857 2029 977 2116 exilio
994 2029 1209 2120 reversum.

411 2182 478 2265 33.
507 2157 573 2238 Ad
593 2152 818 2236 maximum
836 2152 1128 2239 Nicostratum.

411 2281 477 2386 36.
507 2278 573 2360 Ad
591 2273 843 2362 Florentium
863 2301 987 2384 quem
1005 2294 1045 2356 et
1064 2273 1337 2387 Puppianum.
1381 2279 1386 2284 ’
1486 2282 1491 2288 ’

408 2427 476 2509 37.
503 2404 567 2481 De
586 2394 807 2505 virginibus
830 2397 880 2477 ad
900 2395 1189 2506 Pomponium.

407 2522 473 2632 38.
502 2521 625 2632 Qud
643 2519 761 2630 ydola
777 2516 833 2601 dii
851 2547 936 2603 non
953 2519 1046 2603 fint.

404 2672 471 2752 39.
499 2645 566 2728 Ad
584 2645 859 2727 Fortunatam
874 2644 927 2726 <le
942 2640 1009 2727 his
1024 2642 1099 2758 qui
1116 2671 1187 2759 per
1206 2658 1410 2733 tormenta
1428 2670 1513 2731 non
1533 2642 1783 2757 superantur.

402 2794 471 2872 40.
501 2767 567 2848 Ad
585 2765 863 2875 Rogacianum
884 2767 932 2848 de
951 2765 1137 2849 diacono.

401 2914 469 2993 41.
498 2888 565 2971 Ad
584 2887 834 2996 Stephanum
853 2914 997 2997 papam
1018 2890 1066 2970 de
1086 2887 1271 2972 concilio.
1306 2877 1311 2888 ’

399 3037 468 3117 42.
500 3010 565 3092 Ad
582 3008 842 3091 Tibaritanos
861 3011 1134 3097 exortatoria·
1193 3056 1196 3060 Δ
1258 2997 1264 3008 ’

396 3158 467 3241 43.
495 3130 563 3212 Ad
583 3127 783 3212 Cecilium
805 3131 854 3210 de
873 3127 1120 3216 sacramento
1140 3125 1285 3217 calicis.

394 3280 465 3358 44,
484 3279 551 3360 45.
580 3250 771 3362 Epistolae
788 3252 878 3332 duae
898 3253 949 3334 ad
967 3253 1148 3337 martires
1169 3270 1209 3335 et
1227 3248 1484 3339 confessores.-

377 3375 465 3481 -46.
493 3379 557 3458 De
576 3371 758 3453 hereticis
778 3372 1029 3481 baptizandis
1050 3376 1100 3459 ad
1118 3372 1343 3486 Julianum.
1461 3437 1463 3441 ,

392 3520 464 3603 47.
492 3493 558 3575 Ad
578 3491 783 3603 Qintum
809 3493 857 3574 de
876 3495 1030 3576 eodem.

391 3615 460 3722 48.
490 3612 704 3697 Sententiae
722 3610 998 3724 episcoporum
1016 3640 1190 3697 numero
1208 3615 1417 3704 LXXVII.
1450 3611 1500 3696 de
1519 3615 1675 3698 eodem.

391 3764 461 3847 49,
485 3763 549 3846 36.
579 3736 643 3818 Ad
663 3736 831 3845 Moysen
850 3753 890 3816 et
909 3734 1139 3818 Maximum
1161 3728 1407 3845 prelbiteros.

392 3886 460 3972 31.
487 3860 554 3941 Ad
573 3857 724 3939 clerum
744 3873 784 3938 et
803 3858 960 3965 plebem
980 3859 1029 3940 de
1048 3857 1215 3941 Aurelio
1236 3853 1467 3943 confellore.

392 4009 458 4093 52·
487 3980 553 4064 Ad
572 3979 725 4061 clerum
744 3977 794 4057 de
812 3975 1000 4060 Celerino
1021 3975 1251 4066 confessore.

388 4129 455 4215 33.
483 4100 551 4183 Ad
569 4096 888 4216 Junaianumde
906 4094 1104 4186 hereticis.

387 4249 455 4332 34.
484 4219 663 4332 Epistola
682 4218 731 4302 de
750 4217 1004 4306 aleatoribus.

385 4368 454 4451 33.
472 4344 536 4424 De
557 4341 675 4423 laude
694 4339 876 4427 manuni.
1128 4344 1131 4349 ’

387 4465 454 4573 36.
482 4459 623 4544 Felicis
643 4464 693 4544 ad
712 4461 963 4575 Cypriamam
983 4457 1183 4571 rescripta.

386 4607 453 4690 57.
482 4578 663 4690 Epistola
679 4582 873 4695 Cypriani
886 4585 944 4671 ad
959 4587 1185 4669 Romanos.

384 4703 451 4814 58.
480 4703 546 4789 Ad
564 4705 729 4789 clerum.

309 4912 340 4920 ,,
384 4850 450 4935 39.
478 4822 545 4905 Ad
564 4824 815 4935 Cornelium.

381 4949 447 5028 60.
476 4946 543 5028 Ad
561 4929 795 5032 Maximum
813 4944 1074 5061 prelbiterum
1094 4961 1135 5031 et
1152 4941 1483 5033 ceterosfratret.
1706 5049 1755 5131 61
1800 5043 1866 5130 Ad
