4244 5910
849 654 1071 751 CLXVI.
1248 626 1253 635 ⁶
1664 623 1770 781 2:35⁴

377 848 428 930 de
452 844 638 928 laudibus
666 840 758 941 sins,
788 842 834 925 in
861 870 945 953 qna
968 841 1079 924 brevi
1103 843 1267 925 virtutes
1295 861 1334 924 et
1360 844 1480 953 o'pet-'a
1505 843 1590 949 ejus
1618 861 1765 942 nanat,

300 980 303 985 '
365 972 441 1080 jis.
461 998 550 1077 130.

282 1124 348 1207 30.
378 1091 521 1173 Oratio
540 1087 734 1172 eafaretis
763 1088 816 1170 ad
836 1087 1078 1170 Rodericum
1105 1086 1332 1198 episcopum
1361 1105 1401 1168 ct
1424 1087 1693 1186 castellanum,
1724 1089 1767 1172 in

377 1241 459 1324 qua
476 1239 570 1293 eum
589 1210 811 1322 plurimum
830 1207 1096 1308 commendat,
1125 1210 1324 1318 signanter
1341 1212 1387 1290 de
1407 1209 1657 1291 humanitate
1675 1239 1767 1320 erga
1906 1274 1912 1279 .
2008 1266 2011 1271 -

321 1366 327 1373 ·
378 1361 521 1417 onmes
535 1333 637 1415 cives
657 1334 864 1415 Romanos
883 1360 988 1442 quos
1003 1332 1045 1413 in
1065 1332 1131 1415 sua
1151 1333 1272 1413 hahet
1289 1331 1478 1428 custodia,
1494 1333 1569 1442 fos
1588 1362 1631 1440 13
1640 1361 1687 1440 3..

283 1487 349 1568 34.
362 1456 556 1567 Epistola
573 1455 790 1564 Augustini
807 1453 946 1536 Maffei
965 1454 1125 1536 Patricii
1149 1457 1200 1535 ad
1218 1454 1458 1536 Rodericum
1479 1453 1705 1565 episcopum
1727 1473 1766 1537 ct

380 1579 651 1675 castellanum,
668 1576 717 1659 in
732 1604 819 1688 qua
830 1604 927 1659 eum
943 1578 1082 1659 laudat
1098 1578 1149 1659 de
1163 1575 1346 1659 doctrina
1364 1593 1404 1657 et
1422 1575 1582 1672 virtute,
1603 1577 1764 1687 tandem

376 1698 610 1784 transmittit
629 1699 666 1781 ei
683 1698 864 1783 libellum
881 1700 934 1781 de
953 1696 1068 1806 gestis
1088 1718 1129 1781 et
1146 1699 1347 1810 opusculis
1362 1696 1534 1806 eiusdem
1552 1695 1719 1809 episcopi
1740 1727 1762 1780 a

381 1821 609 1932 Pomponio
626 1820 713 1904 viro
731 1819 1048 1931 eloquentiffimo
1065 1821 1231 1921 editum,
1245 1821 1321 1932 Jhl.
1343 1848 1432 1930 135·

119 1924 125 1935 ¹
286 1971 352 2057 3²·
380 1943 561 2055 Epistola
575 1941 748 2051 eiusdem
765 1942 956 2026 Roderici'
967 1943 1136 2054 episcopi
1154 1962 1196 2026 et
1210 1943 1407 2026 castellani
1426 1942 1475 2025 ad
1494 1941 1661 2025 eundem
1679 1947 1765 2026 Au-

379 2066 600 2177 gu'stinum,
619 2065 763 2179 irr'qua
775 2064 1041 2175 indignumse
1056 2066 1113 2148 ait
1124 2084 1187 2149 tot
1204 2064 1404 2177 praedans
1413 2063 1610 2163 laudibus,
1628 2063 1767 2175 easque

381 2217 457 2300 pro
471 2187 695 2271 monitione
711 2187 862 2298 recipit,
882 2207 930 2271 ut
944 2187 1034 2271 talis
1053 2187 1100 2272 sit
1115 2191 1273 2301 qualem
1285 2187 1511 2273 describunt
1527 2187 1598 2300 ipfi
1609 2185 1766 2297 Augus-

383 2311 494 2393 tinus
515 2325 555 2391 et
574 2309 835 2421 Pomponius,
850 2312 926 2420 fol.
946 2313 1036 2420 136.

289 2461 355 2543 33.
384 2432 562 2542 Epistola
590 2430 894 2540 eloquentissimi
926 2431 1003 2514 viri
1025 2437 1076 2514 Α
1093 2432 1289 2542 Campani
1320 2432 1370 2514 ad
1400 2438 1451 2515 R.
1467 2439 1510 2516 P.
1528 2432 1767 2516 Rodericum

329 2548 335 2557 ’
384 2551 618 2664 episcopum·
639 2553 961 2661 Caliguritanum
990 2571 1031 2637 et
1060 2553 1327 2652 castellanum,
1360 2554 1403 2637 in
1431 2576 1513 2666 qua
1540 2553 1681 2665 quant
1714 2582 1766 2637 an

383 2674 536 2761 somnia
563 2674 735 2757 habeant
754 2674 905 2784 aliquid
922 2672 1097 2761 ueritatis
1123 2693 1285 2787 propter
1312 2675 1573 2786 antiquorum
1590 2677 1768 2787 exempla

383 2796 531 2908 quibus
549 2795 695 2904 legitur
713 2795 867 2881 somnia
885 2796 1060 2881 maxima
1077 2796 1215 2880 sutura
1235 2796 1521 2909 praenuntiasse,
1538 2800 1611 2907 sos.
1631 2799 1718 2909 138.

290 2945 355 3028 34.
384 2918 562 3029 Epistola
579 2917 763 3001 Roderici
781 2918 950 3031 episcopi
969 2935 1010 3002 et
1034 2919 1229 3002 castellani
1256 2922 1304 3002 ad
1327 2922 1497 3003 eundem
1516 2926 1769 3029 Campanum
1866 2974 1869 2981 ·
1940 2976 1946 2981 -

384 3039 616 3152 responsiva,
638 3038 680 3123 in
697 3068 777 3152 qua
787 3041 955 3152 pulchra
967 3043 1015 3123 de
1029 3041 1188 3125 somniis
1203 3042 1375 3138 adducit,
1395 3040 1609 3152 specialiter
1623 3043 1767 3152 septem

385 3161 518 3245 causas
538 3179 699 3273 propter
713 3189 812 3273 quas
826 3161 962 3249 omnia
976 3162 1129 3247 somnia
1143 3163 1371 3247 hominibus
1386 3162 1584 3259 accidunt,
1592 3166 1666 3275 fil.
1681 3194 1694 3246 1
1704 3195 1768 3274 39.

253 3308 256 3313 ’
293 3312 314 3396 3
320 3311 358 3394 5.
385 3283 564 3395 Epistola
594 3283 790 3394 Campani
824 3287 875 3367 ad
903 3287 1071 3387 eundem
1102 3285 1328 3397 episcopum
1359 3303 1398 3367 et
1428 3286 1695 3383 castellanum,
1727 3287 1770 3368 in

386 3433 473 3516 qua·
494 3405 717 3517 plur-imum
737 3406 950 3517 epistolam
970 3409 1241 3519 precedentem
1269 3410 1536 3505 commendat,
1564 3426 1603 3491 et
1622 3407 1771 3493 latetur

386 3530 506 3643 plene
521 3527 738 3613 satisfecisse
757 3527 1003 3617 dubitationi
1019 3530 1098 3615 suae
1116 3559 1207 3643 erga
1226 3529 1377 3615 somnia
1394 3549 1434 3613 et
1452 3528 1613 3615 effossus
1633 3554 1773 3633 eorum

406 3652 484 3737 ol.1
548 3711 566 3736 ..
1631 3710 1635 3717 ‚

296 3770 360 3879 36.
373 3652 567 3882 [epistiia
589 3770 758 3877 ejusdem
779 3771 948 3885 episcopi
966 3791 1005 3856 et
1023 3774 1219 3858 castellani
1243 3776 1293 3857 ad
1310 3776 1480 3858 eundem
1501 3780 1770 3887 Campanum,

390 3893 616 3976 consolatur
633 3922 726 3977 eum
752 3896 1026 4007 multipliciter
1052 3916 1215 4011 propter
1232 3897 1394 3979 carceris
1423 3896 1607 3993 miserias,
1637 3916 1676 3979 et
1702 3901 1773 3979 ad-

389 4014 500 4098 ducit
517 4016 817 4128 utilitatesquae
835 4046 884 4101 cx
902 4018 1129 4131 captivitate
1153 4018 1407 4131 proveniunt,
1433 4037 1472 4103 et
1494 4022 1603 4131 quod
1622 4018 1768 4130 sapiens

200 4130 205 4143 '
251 4164 254 4169 ·
316 4195 344 4203 .,
388 4137 567 4250 captivus
585 4135 657 4220 else
676 4166 759 4222 non
778 4140 918 4248 potest,
934 4142 1008 4249 sol.
1031 4169 1117 4247 144.

296 4283 360 4367 37.
389 4258 568 4369 Epistola
581 4258 750 4368 ejusdem
763 4260 960 4370 Campani
976 4263 1027 4341 ad
1040 4262 1208 4345 eundem
1224 4262 1450 4375 episcopum
1464 4280 1503 4344 et
1517 4261 1771 4351 castellanum

390 4379 434 4461 in
458 4408 540 4490 qua
558 4408 650 4464 eum
670 4384 880 4463 commend
895 4398 923 4463 .t
942 4383 990 4464 de
1014 4381 1262 4465 humanitate
1281 4404 1325 4466 et·
1339 4382 1535 4481 doctrina,
1561 4401 1601 4464 et
1619 4384 1772 4466 extollit

390 4502 627 4612 opusculum
655 4531 679 4586 a
705 4503 1012 4617 distocpiscopo
1029 4505 1181 4589 editum
1203 4507 1251 4587 de
1278 4502 1498 4588 differentia
1525 4503 1771 4618 principatus

391 4621 638 4734 imperatoris
658 4643 697 4707 et
718 4625 831 4734 regis,
847 4629 921 4738 fol.
941 4631 1028 4732 146.

297 4745 362 4854 38.
391 4746 568 4855 Epistola
585 4747 755 4853 ejusdem
775 4747 957 4830 Roderici
976 4748 1145 4859 episcopi
1170 4751 1219 4833 ad
1241 4754 1410 4832 eundem
1429 4756 1698 4861 Campanum,
1730 4747 1773 4831 in

391 4893 475 4976 qua
490 4895 582 4950 eum
598 4870 836 4951 exhortatur
847 4889 898 4952 ut
914 4871 1061 4951 librum
1077 4872 1127 4953 ab
1141 4900 1187 4954 eo
1206 4872 1357 4954 editum
1374 4874 1422 4954 de
1433 4870 1666 4977 monarchia
1684 4897 1772 4979 per-

390 4990 508 5097 legat,
527 5008 567 5072 et
582 4990 610 5074 st
625 4993 722 5100 quid
735 4991 904 5102 dignum
919 4992 1213 5103 reprehensrone
1227 4993 1380 5092 viderit,
1395 4980 1589 5090 emendet,
1596 4992 1772 5101 [44448.

921 5118 1048 5223 ng
1155 5180 1157 5185 .
1238 5149 1241 5153 ’
1528 5110 1774 5223 ‚39.Epis·
