4214 5910
292 566 387 686 gos
929 564 1241 665 ccccxw.

408 742 505 827 Tria
522 743 670 855 diversa
687 763 795 856 opero
815 773 896 860 quae
915 748 1090 855 Geruafio
1109 749 1220 857 vulgo
1235 750 1510 850 attribuuntur,
1530 772 1653 867 nempe

534 868 818 949 Commentarius
836 867 879 949 de
896 867 1020 983 regnis
1037 869 1300 979 imperatorum
1318 874 1563 957 Romanorum

532 987 673 1069 Mundi
691 987 893 1097 descriptio,
914 1007 952 1070 et

537 1105 738 1191 Traiiatus
752 1109 798 1191 de
815 1106 1049 1191 mirabilibus
1066 1110 1195 1193 mundi

412 1226 531 1310 omnia
549 1227 591 1308 irs
608 1227 665 1308 his
684 1229 769 1310 otiis
787 1227 1042 1337 imperialibus
1058 1230 1303 1324 continentur,

345 1374 383 1428 2.
414 1348 510 1429 Vita
529 1345 748 1431 Alexandri
770 1349 921 1457 magni,
943 1368 987 1458 p.
1001 1374 1094 1456 ²49·

344 1494 382 1572 3.
412 1468 590 1579 Turpini
609 1468 774 1553 historia
793 1469 929 1552 Caroli
948 1469 1100 1580 magni,
1123 1486 1166 1579 p.
1183 1495 1236 1577 27
1240 1495 1278 1578 5.

346 1612 387 1689 4.
415 1588 577 1672 Daretis
597 1587 761 1698 Phrygii
785 1587 834 1669 de
851 1588 1007 1672 excidio
1024 1585 1162 1695 Trojae
1181 1584 1360 1683 historia,
1379 1584 1572 1672 Cornelio
1589 1591 1754 1705 Nepote
1767 1595 1830 1681 in.

413 1723 475 1788 ter
504 1726 598 1807 rete,
654 1768 662 1788 .
704 1729 771 1789 21.

345 1852 384 1933 5.
412 1734 596 1909 Vaierius
617 1724 887 1910 adeIufinum
901 1828 950 1910 de
968 1823 1124 1939 nuptiis
1143 1850 1230 1909 non
1247 1822 1441 1909 habendis
1460 1852 1557 1915 cum
1575 1830 1828 1943 expofitione,

344 2064 384 2147 6.
407 1962 629 2149 itiaeiatus
648 2066 697 2146 de
718 2081 812 2171 ortu
830 2065 1014 2161 deorum,
1037 2083 1081 2176 p.
1095 2064 1190 2174 367.

345 2212 386 2294 7.
414 2185 591 2267 Historia
611 2186 805 2268 adventus
827 2186 943 2265 Eneae
960 2184 1004 2267 in
1024 2185 1197 2278 Italiam,
1220 2201 1263 2292 p.
1277 2209 1370 2292 397.

346 2306 385 2385 8.
415 2310 477 2387 De
496 2302 636 2415 primis
656 2300 950 2385 habitatoribus
966 2300 1139 2411 Angliae,
1161 2318 1204 2408 p.
1216 2314 1313 2408 419.

346 2453 386 2533 9.
414 2423 596 2525 Galfredi
616 2418 936 2505 Monumetensss
958 2419 1123 2505 historia
1141 2415 1372 2516 Britanniae,
1396 2432 1438 2526 p.
1449 2446 1545 2526 421.

878 2647 1243 2764 CCCCXV.

342 2815 460 2901 Codex
478 2817 766 2901 membranaceus
784 2818 825 2900 in
846 2815 913 2914 8'⁰‚
919 2815 1041 2925 seculo
1058 2813 1139 2896 xiii
1142 2814 1323 2923 scriptus,
1344 2816 1385 2896 in
1404 2844 1471 2927 quo
1488 2817 1732 2923 continentur,

343 2935 471 3021 Multi
491 2937 685 3021 trai‘tatus
702 2937 844 3021 incerti
859 2935 1024 3032 autoris,
1046 2934 1259 3017 Normarmi
1276 2950 1319 3015 ut
1331 2934 1425 3018 mihi
1437 2937 1588 3022 videtur
1606 2940 1656 3026 de
1673 2942 1832 3031 diversus

287 3058 444 3171 juribus
464 3056 631 3140 ecclefiae
652 3062 849 3141 Romanae
868 3073 908 3139 et
926 3056 1097 3138 alia'rum
1116 3054 1380 3137 ecclessarum.

343 3177 553 3288 Multusest
580 3176 642 3259 hic
669 3196 778 3259 autor
807 3179 847 3259 in
875 3175 1066 3283 defems‘ooe
1083 3173 1229 3277 scelesta
1246 3174 1545 3285 Rhotomagensts,
1571 3196 1609 3261 et
1631 3182 1832 3290 potestatem
1907 3204 1910 3209 ’

287 3299 447 3383 Romami
468 3299 650 3409 pontificis
672 3299 814 3380 acriter
839 3297 1042 3407 impugnat,
1073 3323 1186 3378 omnes
1211 3295 1372 3405 apostolos
1396 3299 1549 3407 aquales
1564 3300 1682 3412 fuiffe
1709 3324 1833 3415 aperte

272 3419 426 3530 affuit,
455 3418 691 3500 matrinmmia
702 3417 931 3524 sacerdotum
942 3418 1036 3524 jure
1053 3416 1181 3498 divino
1198 3445 1267 3498 non
1285 3415 1347 3526 effe
1363 3417 1557 3525 prohibita
1576 3423 1770 3521 contendit,
1798 3444 1833 3508 et

289 3539 493 3651 apostolicas
510 3536 887 3619 excommunicationes
892 3534 1069 3647 scandalo
1084 3533 1147 3644 effe
1159 3535 1341 3642 universa
1358 3536 1505 3646 ecclesa
1522 3537 1696 3648 affirmat.
1725 3546 1833 3654 Dig.

290 3690 356 3746 nus
375 3677 483 3757 certe,
514 3657 658 3769 quisque
666 3657 812 3765 fuerit,
842 3674 884 3737 ut
902 3684 1023 3738 nomen
1034 3654 1184 3764 posteris
1203 3654 1428 3754 traderetur,
1456 3657 1521 3768 qui
1538 3660 1579 3739 in
1598 3664 1716 3745 tantis
1734 3683 1832 3746 teme-

290 3782 368 3862 bris
386 3777 501 3888 cuoesae
513 3778 690 3860 veritatis
701 3775 955 3887 promovenda
968 3773 1103 3857 labores
1109 3775 1196 3884 sttos
1208 3774 1313 3884 ausus
1331 3775 1378 3883 est
1394 3777 1607 3886 impendere.
1621 3826 1680 3845 -
1693 3782 1834 3867 Titulos

275 3902 437 4010 fingulis
468 3898 691 3982 trebiatibus
711 3897 881 4006 prastxos
907 3895 1000 3978 duxi
1027 3893 1247 3994 omittendos,
1273 3913 1397 4009 utpote
1423 3927 1535 3981 manu
1563 3905 1746 3988 neoterica
1772 3934 1836 3988 nec

280 4023 382 4130 satis
395 4019 549 4133 pariter
566 4013 752 4128 impofitos.

1437 4135 1689 4220 CCCCXVI.
1720 4141 1836 4225 Codex

310 4332 1817 4371 Μ

351 4459 402 4543 2.]
418 4458 488 4529 Vide
502 4451 702 4520 CCCLXX.
722 4475 751 4519 1.

351 4562 400 4647 3.]
416 4561 486 4629 Vide
499 4553 667 4624 CCXCII.
684 4577 715 4624 2.
732 4551 951 4621 CCCXVIII.
967 4556 1001 4622 ό.

348 4665 399 4747 4.]
416 4665 487 4734 Vide
500 4660 681 4728 ccccvl.
697 4684 730 4744 4.

352 4762 603 4846 5.]Vsaeev11.
624 4782 652 4828 1.
667 4758 872 4829 CLXXVII.
888 4777 942 4844 29.

351 4866 402 4948 9.]
419 4866 489 4934 Vide
503 4863 721 4929 CCLXXXI.
741 4885 768 4930 1.
784 4859 954 4929 ccxcn.
975 4882 1004 4928 1.

352 4967 570 5049 CCCCXV.]
586 4969 638 5037 Vet
653 4970 719 5035 Cot.
737 4965 781 5037 O.
799 4987 851 5053 27.
868 4964 968 5034 MSS.
984 4965 1067 5048 Argi.
1087 4982 1288 5051 1497-2300
