4214 5910
1016 236 1030 273 ἱ.

952 280 968 343 g·
990 280 1022 329 .¹⁸·'.·,

973 334 1035 409 u·

891 714 1071 811 CXIX.
1678 746 1783 843 179·

285 935 353 1013 4ο.
381 870 560 1040 Epistola
579 898 751 1012 Martyri
778 900 829 982 ad
846 899 1071 999 eundems
1061 926 1105 982 111
1127 923 1209 1011 qua
1236 900 1366 982 multa
1391 899 1440 983 de
1458 898 1636 983 Smitheo
1654 916 1695 986 et
1721 902 1772 989 li·

379 1023 545 1109 bellis
512 1051 610 1130 ejus,
639 1025 733 1106 data
751 1025 886 1105 Oxon
911 1051 955 1104 11
981 1026 1077 1129 Jun.
1104 1041 1391 1132 15507107.

281 1179 351 1256 41.
379 1152 516 1230 Letter
537 1143 646 1227 from
666 1142 841 1227 Richard
859 1143 990 1226 Smith
1016 1159 1060 1225 to
1087 1143 1156 1226 the
1182 1142 1419 1254 archbilhop
1437 1141 1486 1226 of
1500 1144 1765 1260 Canterbury,

378 1264 597 1379 expreffing
617 1265 678 1348 his
697 1265 844 1348 sorrow
863 1263 929 1347 for
946 1263 1094 1372 having
1111 1264 1274 1346 written
1301 1264 1363 1348 his
1382 1265 1490 1347 book
1509 1266 1558 1349 de
1575 1267 1765 1352 coelibatu

378 1406 557 1499 patrum,
582 1387 700 1470 dated
721 1385 879 1468 Oxford
897 1390 994 1469 Dec.
1011 1412 1049 1481 a,
1071 1404 1114 1495 p.
1135 1415 1223 1494 109.
1679 1422 1683 1432 =

281 1536 348 1618 42.
376 1516 512 1593 Letter
528 1507 636 1591 from
655 1512 729 1590 Dr.
741 1507 888 1589 Parker
901 1523 945 1587 to
959 1507 1027 1588 the
1047 1508 1152 1589 lords
1167 1505 1216 1589 os
1230 1505 1298 1589 the
1311 1507 1484 1604 council,
1504 1509 1764 1662 acquaipting

378 1630 489 1718 them
512 1630 601 1711 that
622 1633 696 1711 Dr.
708 1627 875 1710 Smith
864 1657 897 1710 ts
919 1620 1035 1738 ready
1054 1644 1099 1710 to
1123 1628 1401 1737 acknowledge
1427 1629 1496 1714 the
1520 1635 1680 1741 queens
1700 1632 1765 1714 su·

377 1777 575 1864 premacy,
602 1750 719 1833 dated
736 1749 936 1832 Lambeth
950 1753 1057 1858 Aug.
1078 1776 1144 1858 27,
1167 1768 1209 1861 p.
1228 1778 1317 1833 110.

281 1902 349 1984 43.
376 1879 514 1956 Letter
531 1873 638 1955 from
657 1870 832 1954 Richard
852 1869 996 1969 Smith,
1020 1888 1064 1952 to
1086 1870 1321 1982 archhilhop
1339 1871 1499 1970 Parker,
1525 1832 1766 1987 petitioning

375 2014 420 2078 to
437 1995 537 2078 have
555 2020 632 2076 one
650 1991 699 2075 of
714 1991 776 2075 his
794 1992 1014 2075 bondsrnen
1032 1991 1196 2073 released
1213 1989 1317 2074 from
1336 1993 1399 2075 his
1417 1994 1541 2091 bond,
1565 2014 1605 2105 p.
1623 2027 1710 2079 111.

376 2122 422 2201 A
435 2116 623 2226 marginal
636 2133 715 2198 note
730 2115 815 2199 adds
832 2115 913 2196 that
928 2111 1244 2222 notwithstanding
1258 2115 1315 2196 his
1327 2114 1423 2223 fair
1437 2118 1607 2228 promists
1630 2119 1677 2199 he·
1684 2121 1768 2231 fied

378 2258 414 2321 to
432 2240 560 2321 Paris.

279 2391 346 2468 44.
376 2358 553 2470 Epistola
570 2357 676 2441 Petri
691 2357 863 2466 Martyri
880 2358 930 2438 ad
945 2357 1173 2441 Martinum
1188 2361 1401 2453 Bucerum,
1422 2355 1466 2441 in
1486 2388 1567 2471 qua
1581 2363 1766 2448 condolet

375 2507 470 2563 cum
486 2486 637 2562 Bucero
655 2480 704 2560 de
720 2477 876 2562 adversa
893 2478 978 2585 ejus
995 2477 1242 2561 valetudine:
1272 2479 1365 2560 data
1383 2482 1535 2566 Osonii
1548 2482 1622 2565 ult.
1638 2488 1763 2569 Mart.
1879 2469 1883 2475 ”

383 2627 499 2710 1550,
522 2618 564 2710 p.
583 2627 671 2708 1¹9·

279 2748 347 2836 45.
376 2722 554 2832 Epistola
573 2719 743 2803 Martini
763 2718 930 2803 Lutheri
949 2720 1001 2802 ad
1018 2720 1196 2804 consules
1217 2721 1438 2806 Sculthetas
1458 2722 1626 2832 majores
1645 2724 1764 2812 cives-

378 2870 457 2953 que
486 2840 695 2925 civitatum
721 2840 927 2938 Helvetia,
958 2841 1001 2925 in
1033 2870 1114 2954 qua
1142 2841 1341 2952 respondit
1365 2861 1406 2926 et
1432 2836 1623 2929 assensum
1648 2846 1764 2931 suum

361 2965 528 3076 praebet
546 2962 721 3046 articulis
741 2961 977 3072 quibusdam
996 2962 1068 3047 fibi
1088 2963 1206 3046 missu
1226 2967 1275 3046 de
1291 2965 1504 3048 concordia
1528 2965 1572 3050 in
1591 2967 1667 3051 fide
1684 2971 1762 3055 sta·
1906 2973 1909 2977 ’
1969 2900 1973 2907 ¹

374 3085 575 3169 bilienda:
603 3085 696 3167 data
715 3084 927 3167 Wittetnb.
948 3089 1084 3167 2Dec.
1112 3111 1229 3196 1537,
1254 3105 1294 3195 p.
1314 3113 1402 3168 121.

280 3212 348 3316 46.
376 3208 554 3319 Epistola
574 3204 743 3288 Lutheri
770 3205 821 3287 ad
848 3208 1047 3289 Bucerum
1075 3233 1168 3288 curn
1195 3207 1425 3319 precedente
1448 3207 1612 3320 epistola
1638 3211 1761 3315 missa,

373 3327 437 3411 die
457 3325 685 3424 S.Nicholi,
710 3353 827 3436 1537,
848 3346 892 3435 p.
912 3352 1001 3434 123.

278 3477 348 3561 47.
376 3448 554 3559 Epistola
575 3445 762 3533 Matthiae
779 3445 925 3530 Flaccii
943 3447 1089 3557 lllyrici
1114 3444 1164 3530 ad
1188 3449 1421 3532 Mattheum
1439 3453 1762 3538 cantuariensem

378 3571 428 3652 de
453 3567 630 3681 antiquis
656 3569 821 3653 ecclestae
849 3567 1137 3668 monumentis,
1170 3570 1263 3652 data
1289 3574 1399 3678 Jenae
1426 3601 1476 3657 22
1494 3575 1610 3674 Maii,
1644 3579 1761 3686 1561,

404 3718 521 3773 .12.
680 3744 685 3757 ‚

280 3811 349 3919 48.
369 3710 555 3921 iepistita
582 3810 798 3893 Bemhardi
826 3809 943 3920 Nigri
974 3811 1232 3895 ecclesiasticae
1262 3814 1432 3898 historiae
1462 3815 1682 3907 colledloris
1713 3823 1763 3902 ad

376 3932 560 4029 eundem,
588 3934 683 4013 data
700 3931 877 4014 Londini
896 3961 947 4042 30
961 3932 1087 4040 Junii,
1114 3936 1231 4043 1561,
1254 3955 1294 4044 p.
1313 3965 1401 4045 131.
1618 3965 1622 3974 ·

266 4082 347 4162 49.
375 4052 552 4164 Epistola
571 4052 745 4135 Thomae
759 4048 951 4134 Blaurerii
971 4055 1021 4135 ad
1037 4058 1235 4137 Bucerum
1255 4058 1304 4138 de
1322 4057 1426 4139 statu
1443 4084 1576 4142 rerum
1593 4065 1760 4143 Germa-

376 4174 573 4271 nicarum,
601 4174 694 4256 data
714 4171 921 4255 Constant.
948 4201 992 4255 11
1012 4176 1107 4258 Feb.
1132 4202 1248 4287 1547,
1270 4197 1312 4287 p.
1333 4207 1421 4288 133.

283 4325 348 4409 50.
377 4296 554 4405 Epistola
572 4293 763 4377 Iohannis
780 4292 944 4376 sturmii
963 4295 1013 4376 ad
1031 4296 1245 4391 eundem,
1235 4326 1277 4378 m
1297 4327 1378 4408 qua
1394 4300 1572 4410 deplorat
1589 4320 1760 4387 mortem

375 4415 624 4528 protedioris,
651 4430 692 4496 et
710 4413 908 4497 adversam
927 4415 1065 4498 Buceri
1085 4417 1367 4517 valetudinem,
1395 4421 1487 4504 data
1509 4427 1760 4532 Argentorati

351 4536 477 4649 prid.
498 4536 745 4633 Natiuitatis,
765 4554 902 4645 7

283 4687 348 4769 51.
376 4657 555 4779 Epistola
569 4656 744 4767 Phihppr
753 4657 1017 4740 Melanchton
1032 4659 1079 4742 ad
1099 4659 1312 4758 eundem,
1302 4689 1344 4750 tn
1359 4689 1441 4770 qua
1453 4682 1542 4747 orat
1559 4682 1606 4747 ut
1620 4666 1762 4781 scripta

374 4759 442 4863 sua
456 4795 495 4860 et
506 4776 663 4860 Calvini
680 4793 722 4859 et
738 4777 905 4860 sturmii
921 4778 1059 4867 mittat
1076 4780 1234 4864 cuidam
1253 4781 1374 4865 doc‘to
1393 4786 1571 4884 Polono,
1593 4807 1634 4870 et
1649 4816 1761 4900 quae-

373 4898 519 4981 dam
486 4927 523 4982 ct
550 4916 685 4982 narrat
711 4924 759 4981 ex
782 4896 928 4982 visione
945 4899 1088 5001 coelesti
1109 4913 1293 5010 Inopus
1310 4904 1569 5020 deprompta:
1599 4913 1691 4994 data
1716 4946 1762 5021 14

373 5025 799 5132 Nov.1547,p.137.
941 5070 946 5079 ·

908 5145 945 5227 Z
968 5170 991 5228 2
1492 5177 1557 5258 52.
1588 5150 1766 5263 Epistola
