4214 5910
377 635 441 728 30
1091 585 1245 681 xcv.

427 823 465 903 3.
495 786 672 874 Historia
688 782 885 868 comitum
903 774 1233 861 Tholosanorum
1248 772 1298 855 ad
1315 799 1471 857 annum
1498 804 1618 888 ¹²7¹·

426 944 467 1022 4.
496 917 559 997 De
577 905 881 1020 imperatoribus
902 898 1097 984 Romanis
1116 924 1141 977 a
1159 894 1269 1003 Julio
1288 895 1439 980 Caesare
1456 899 1506 980 ad
1524 926 1680 981 annum
1706 929 1750 1010 13
1762 931 1777 983 r
1784 930 1823 1010 3.
1910 970 1912 975 .
2030 922 2034 932 ·

430 1065 470 1146 5..
496 1033 713 1116 Tractatus
733 1027 859 1110 brevis
879 1025 927 1105 de
949 1019 1196 1132 temporibus
1215 1036 1255 1100 et
1272 1018 1387 1102 annis
1413 1021 1659 1130 generalium
1678 1038 1718 1104 et
1738 1024 1937 1133 porticu.-

497 1155 643 1239 larium
660 1148 936 1236 conciliorum.

429 1282 469 1363 6.
497 1282 560 1362 De
588 1272 837 1360 ordinatione
865 1265 986 1352 officii
1015 1262 1135 1347 miffae
1164 1260 1263 1346 faeti
1292 1290 1316 1345 a
1347 1263 1528 1348 Domino
1564 1265 1656 1375 Jesu
1687 1262 1846 1350 Christo
1879 1287 1920 1351 et

466 1398 638 1495 ,sanans
667 1396 751 1502 ejus
783 1390 984 1504 apostolis,
1018 1415 1062 1470 ac
1089 1389 1253 1468 demum
1280 1412 1350 1497 per
1374 1386 1551 1472 summos
1580 1394 1787 1472 Romanos
1812 1418 1943 1502 pon-.

496 1521 621 1604 tifices
640 1517 853 1602 succeffive.

429 1675 472 1758 7.
497 1641 618 1727 Casus
639 1643 711 1752 qui
729 1638 959 1744 contingere
977 1627 1137 1743 possunt
1156 1629 1198 1721 'm
1218 1630 1450 1714 celebrando
1470 1631 1638 1714 millam.

430 1770 468 1849 8.
497 1765 680 1850 Nomina
697 1765 755 1872 [et
770 1759 896 1843 brevis
912 1753 1090 1860 historia]
1115 1752 1385 1862 apostolorum
1401 1773 1440 1835 et
1455 1753 1740 1864 discipulorum
1755 1752 1921 1841 Christi.

429 1917 470 1998 9.
497 1886 674 1971 Libellus
701 1884 825 1967 brevis
845 1897 884 1962 ct
908 1877 1016 1959 utilis
1041 1883 1089 1958 de
1115 1873 1291 1956 articulis
1313 1873 1403 1958 fidei
1423 1893 1463 1958 et
1485 1874 1734 1960 sacramentis
1752 1878 1918 1963 ecclesrae

496 2027 537 2092 et
562 2008 754 2121 preceptis
779 2000 954 2110 decalogi
977 2025 1070 2081 cum
1099 1995 1335 2106 quibusdam
1362 1997 1448 2081 aliis
1473 2001 1635 2083 annexis
1659 1997 1701 2080 in
1723 1997 1816 2098 fine,
1842 2032 1918 2116 pro

495 2131 709 2217 lectoribus
739 2147 780 2211 et
810 2124 956 2208 curatis
988 2116 1235 2202 ecclesrarum
1265 2119 1409 2204 nostrae
1437 2123 1661 2206 Lodovens.
1690 2120 1833 2207 dioces.
1866 2128 1918 2210 ad

496 2252 759 2336 erudiendum
776 2248 907 2360 plebes
926 2243 997 2327 srbi
1018 2239 1254 2324 commiss‘as.
1905 2350 1909 2357 ¹

433 2406 495 2459 ro.
523 2374 718 2459 Fabulosa
744 2369 907 2455 histon'a
926 2363 1079 2447 Gallice
1099 2361 1252 2475 scripta,
1273 2363 1497 2466 continens,
1527 2380 1575 2449 ut
1601 2368 1776 2467 videtur,
1800 2371 1915 2459 ailus

370 2524 412 2581 re
440 2496 472 2580 is
493 2496 675 2581 Arthuri.

412 2527 719 2730 gHancsabulam,
737 2617 797 2701 nti
805 2613 996 2699 annotavit
1007 2606 1208 2722 Joffilinzcs,
1224 2611 1429 2722 Anglicano
1429 2613 1607 2726 sermone,
1619 2616 1710 2728 typis
1722 2621 1920 2706 mandavit

369 2744 566 2825 Willelmus
585 2743 756 2852 Copland.

1019 2858 1253 2977 XLVI.

421 3026 536 3111 Codex
554 3027 835 3110 monbrmaemr
853 3024 1006 3135 insilio,
1014 3024 1131 3135 seculo
1148 3026 1224 3106 xiii
1241 3042 1424 3122 exaratos,
1442 3028 1484 3108 in
1503 3057 1568 3139 quo
1584 3032 1827 3128 continentur,
1903 3084 1907 3090 ·

428 3178 463 3231 1.
492 3151 683 3233 Iohannis
707 3150 756 3231 de
775 3146 984 3232 Sarelberie
1002 3146 1271 3256 Polycraticus
1299 3149 1349 3232 de
1366 3148 1576 3237 curialium
1600 3150 1718 3265 nugis
1737 3171 1778 3238 et
1797 3152 1917 3239 vesti-

489 3273 563 3380 giis
585 3272 928 3382 philosophorum,
948 3268 1018 3352 lib.
1037 3269 1120 3352 viii.

424 3420 463 3476 2.
492 3394 678 3502 Ejusdem
696 3392 976 3502 metalogicon,
998 3392 1068 3476 lib.
1081 3392 1142 3504 iu.

1001 3587 1267 3707 XLVII.

417 3749 534 3832 Codex
549 3749 830 3832 membranacius
847 3750 999 3861 infolio,
1006 3754 1122 3866 seculo
1139 3758 1209 3838 xio
1227 3771 1397 3837 exaratus
1414 3754 1456 3836 in
1473 3783 1538 3867 quo
1557 3754 1773 3854 continetur,

418 3868 525 3960 Petri
544 3869 731 3956 Canton's
750 3872 971 3958 Parifiensrs
990 3875 1089 3958 liber
1105 3877 1154 3959 de
1172 3875 1507 3962 distinffionibus.

985 4086 1281 4208 XLVIII.

414 4241 528 4327 Codex
545 4243 829 4329 membranaceus
846 4247 1002 4360 insilio,
1023 4259 1209 4338 caradere
1218 4275 1340 4369 pann
1358 4268 1394 4333 et
1410 4250 1526 4334 nitido
1544 4267 1730 4347 exaratus,

414 4363 543 4482 Biblia
560 4365 707 4451 Latina
724 4395 819 4455 cum
837 4375 1075 4486 apocryphis
1095 4395 1135 4461 et
1156 4372 1449 4491 prefationibus
1470 4373 1709 4456 Hieronimi.
1802 4498 1855 4578 N

1847 4517 1908 4579 ota

408 4762 631 4849 va1.]Vn.
647 4768 776 4836 eaeo.
796 4791 847 4855 ¹4·
864 4771 962 4840 MSS.
980 4774 1062 4858 Angl.
1084 4780 1284 4867 1485-218.

409 4858 570 4946 XLVII.]
589 4866 641 4934 Ver
656 4869 723 4932 Car.
740 4866 786 4934 Ο.
807 4889 856 4954 15.
872 4870 973 4938 Msr.
989 4875 1074 4959 Angl.
1094 4876 1297 4968 1486-219.

408 4954 569 5043 XLVII]
588 4961 656 5028 Vide
672 4962 904 5032 cccxcvu.
924 4987 956 5034 2.

407 5051 582 5143 muru]
598 5057 653 5127 m
667 5060 736 5126 m.
752 5059 789 5129 r.
809 5083 839 5152 3.
857 5061 955 5132 Mss.
972 5065 1058 5151 mgr.
1079 5069 1250 5156 ,3224
