4214 5910
916 650 1181 748 CCCXIV.
1748 685 1844 781 339

361 869 395 925 1.
426 839 631 954 Expositio
667 843 780 948 Mag.
797 837 986 947 Hugonis
1027 836 1211 920 canonici
1250 836 1288 921 S.
1306 835 1481 922 Vicioris
1522 838 1685 921 'ecclefiae
1730 839 1846 950 super

421 963 682 1047 hierarchiam
705 961 883 1071 theologi
904 959 1096 1070 Dyonisri.

354 1112 391 1169 ι.
422 1085 602 1197 Dyonisri
631 1083 881 1195 Areopagitae
917 1081 1094 1190 angelica
1134 1079 1352 1163 hierarchia
1390 1109 1438 1163 ex
1471 1079 1644 1163 versione
1676 1084 1837 1166 loannis

422 1208 614 1316 Erigenoe‘.

354 1359 391 1439 3.
422 1330 530 1411 Idem
549 1331 597 1410 de
614 1320 757 1409 divinis
775 1325 1023 1411 nominibus.

351 1481 391 1556 4.
421 1452 530 1531 Idem
548 1453 596 1531 de
614 1438 764 1531 mistica
783 1446 995 1556 theologia.

353 1600 392 1679 5.
422 1570 606 1678 Ejusdem
625 1570 797 1680 epistolae
815 1570 971 1652 diversae
987 1569 1037 1649 de
1056 1566 1209 1648 mistica
1226 1564 1440 1676 theologia.

278 1692 284 1707 '
351 1697 389 1774 ό.
417 1692 560 1773 Minor
575 1690 766 1802 expositio
785 1688 1039 1774 Verzellensrs
1058 1686 1173 1798 super
1192 1719 1235 1771 rr
1256 1690 1378 1770 libr'os
1399 1686 1591 1797 Dyonisri.

348 1838 388 1924 7.
417 1812 621 1923 Expositio
637 1812 751 1925 super
765 1813 920 1896 cantica
934 1809 1181 1894 canticorum
1197 1811 1412 1895 secundum
1428 1809 1633 1891 Thomam
1648 1810 1832 1899 abbatem

417 1933 465 2014 de
484 1934 647 2017 Versest.

905 2060 1215 2231 cccxv.

346 2280 460 2364 Codex
494 2282 776 2363 membranaceus
811 2280 852 2360 in
886 2278 948 2382 4‘⁰,
985 2280 1191 2362 choraelere
1226 2279 1375 2361 Gothico
1411 2278 1601 2362 minutiori
1634 2284 1832 2394 nitidiffirno

276 2404 454 2514 scre'ptus,
473 2403 514 2483 in
532 2428 598 2514 quo
617 2405 855 2497 continentur,

349 2553 385 2607 ι.
415 2522 609 2605 Ricardus
626 2522 674 2604 de
693 2526 731 2604 S.
743 2520 906 2603 Vidtore
925 2519 1040 2632 super
1055 2522 1360 2604 tabernaculum
1378 2520 1534 2621 sederis,
1555 2541 1599 2633 p.
1618 2554 1653 2607 1.

349 2673 387 2728 2.
417 2645 527 2726 Idem
546 2643 660 2754 super
677 2642 842 2725 obscura
858 2645 977 2724 verba
995 2642 1246 2740 Ecclefiastis,
1269 2662 1312 2754 p.
1330 2672 1393 2726 ιι.

350 2795 388 2875 3.
418 2767 603 2874 Ejusdem
623 2760 830 2874 descriptio
848 2763 989 2875 templi
1010 2764 1248 2861 Solomonis,
1273 2783 1314 2874 p.
1334 2793 1394 2873 19.

348 2915 389 2992 4.
419 2888 529 2969 Idem
549 2885 594 2968 in
612 2886 761 2969 librum
781 2891 953 2999 Regum,
974 2904 1017 2997 p.
1034 2914 1097 2996 35.

839 3003 866 3057 e
921 3004 948 3058 e
1004 3002 1031 3056 o
1089 3004 1114 3057 o
1170 3004 1199 3057 a
1252 3003 1279 3059 e

415 3118 715 3230 Qeaestequontur
732 3118 1136 3229 charobierefimilised
1149 3118 1264 3201 adhuc
1280 3118 1470 3202 minutiori
1471 3118 1621 3231 scripta
1625 3119 1730 3232 stent.

348 3266 386 3348 ς.
416 3240 594 3322 Andreas
615 3239 658 3321 in
678 3239 799 3321 libros
818 3244 992 3347 Regum,
1014 3258 1136 3350 p.41.
1264 3330 1268 3339 ⁸

348 3364 387 3443 6.
416 3362 526 3443 Idem
546 3362 590 3443 in
608 3360 730 3443 libros
749 3361 1112 3458 Macchabaeorum,
1134 3380 1178 3472 p.
1193 3362 1256 3443 86.

347 3508 388 3589 7.
418 3481 528 3564 Idem
546 3481 589 3565 in
610 3481 732 3564 libros
752 3481 944 3578 DanieliS,
967 3501 1009 3592 p.
1024 3511 1090 3591 95.
1203 3504 1206 3511 ·

347 3602 385 3685 8.
414 3607 658 3715 Excerptum
671 3605 720 3685 de
737 3602 840 3685 libro
854 3605 968 3686 Bedae
983 3605 1032 3687 de
1047 3603 1308 3717 temporibus,
1326 3606 1375 3689 de
1391 3603 1453 3689 sex
1471 3608 1615 3693 mundi
1628 3604 1828 3712 aetatibus,

347 3875 385 3955 9.
406 3741 591 3930 ffililus
612 3849 726 3930 Bedae
744 3846 793 3929 de
811 3846 887 3930 situ
905 3864 1114 3943 terrarum,
1137 3865 1179 3956 p.
1199 3876 1243 3960 13
1251 3874 1289 3959 ς.

349 3995 413 4052 10.
443 3972 512 4051 De
524 3968 629 4051 statu
646 3986 759 4051 terrae
777 3967 1350 4148 sanffiaesssecfl⁰*d⁰2d⁶⁰{m⁰'
1371 3989 1415 4082 p.
1432 3999 1523 4080 141.

440 4214 539 4320 Opus
552 4212 771 4324 stebstquens,
800 4211 1006 4296 characem
1025 4244 1051 4296 a
1062 4212 1329 4323 precedentibus
1355 4215 1492 4328 diverso
1505 4192 1689 4329 scripturi
1705 4218 1764 4325 est,
1792 4236 1828 4301 et

443 4349 487 4413 ut
503 4334 594 4415 mihi
610 4335 760 4417 videtur
776 4332 876 4415 haud
889 4338 987 4445 longe
997 4336 1073 4447 post
1089 4353 1231 4417 oetatem
1248 4339 1397 4420 autoris.

374 4479 377 4489 ’
1659 4489 1720 4546 ιι.
1749 4462 1824 4546 Ri-

345 4802 377 4858 1,
393 4780 443 4862 a]
460 4780 528 4849 Vide
542 4778 727 4851 CCCXVI.
746 4802 775 4852 ι.

337 4885 529 4969 'CCCXV.]
545 4888 608 4957 Ver.
624 4889 690 4958 Car.
705 4889 752 4958 N.
768 4911 800 4960 2.
814 4889 910 4960 MSS.
924 4889 1010 4975 Ange.
1028 4908 1218 4984 1450··173·

342 4992 393 5081 5·]
409 4992 651 5071 Weexxx.,1.

987 5092 1029 5177 U
1047 5121 1076 5177 u
1096 5120 1121 5177 2
