4214 5910
869 620 1112 722 CCCXX.
1526 598 1529 605 ’
1694 638 1788 736 345

380 812 473 896 VII.
493 811 557 895 De
574 803 657 893 ritu
675 801 894 890 mulierum
912 807 974 890 vel
994 797 1214 889 ministerio
1232 796 1275 884 in
1296 793 1463 882 ccclesia.

381 934 494 1015 VIII.
514 932 578 1013 De
594 925 776 1030 moribus
796 930 1035 1010 Graecorum
1053 943 1092 1006 et
1113 927 1410 1006 Romanorum.

386 1051 457 1135 1X.
478 1052 541 1133 De
560 1043 849 1147 communione
865 1048 1099 1154 'Scottorum
1124 1058 1166 1125 et
1185 1037 1400 1125 Britonum
1427 1032 1500 1147 qui
1527 1031 1571 1116 in
1599 1029 1743 1145 pascha
1764 1045 1806 1115 ot

479 1167 643 1256 tonsura
661 1165 849 1251 catholici
869 1192 954 1250 non
973 1165 1080 1249 sunt.
1840 1188 1843 1195 ¹

385 1289 437 1373 X.
461 1292 523 1373 De
542 1286 690 1373 vexatis
710 1313 735 1370 a
753 1286 928 1370 diabolo.

386 1410 459 1492 XI.
479 1411 542 1492 De
561 1408 635 1492 usu
654 1402 716 1491 vel
735 1406 959 1516 abjectione
977 1401 1230 1489 animalium.

337 1554 340 1558 ·
389 1533 483 1613 XII.
504 1535 568 1615 De
586 1530 790 1642 questibus
809 1527 1110 1640 conjugiorum.
1194 1584 1198 1591 -

389 1654 504 1735 XIII.
523 1655 586 1735 Dc
606 1650 721 1736 servis
741 1669 781 1735 et
800 1651 968 1737 ancillis.
1001 1706 1015 1731 -.
1177 1707 1180 1710 ,

391 1776 503 1856 XIV.
523 1778 585 1857 De
604 1772 762 1857 diversis
782 1772 1072 1885 questionibus.

326 1921 364 2000 3.
393 1897 447 1977 X.
468 1894 805 2003 Interrogationes
836 1894 941 1976 beati
966 1884 1185 2002 Augustini
1210 1885 1383 2000 episcopi
1404 1884 1721 1970 cantuariorum
1749 1911 1813 1969 cc-

392 2014 510 2096 clesrae
528 2039 623 2097 cum
643 2012 961 2123 responsionibus
981 2009 1107 2094 santii
1126 2009 1313 2119 Gregorii
1332 2035 1447 2119 papae
1465 2005 1576 2091 urbis
1597 2011 1756 2090 Romae.

323 2162 364 2237 4.
392 2134 574 2216 Pretium
603 2131 824 2217 redimendi
854 2131 1120 2244 penitentiam
1150 2131 1272 2214 unius
1302 2128 1381 2214 diei
1407 2132 1468 2212 vel
1498 2126 1610 2224 anni,
1640 2156 1720 2211 cum
1749 2127 1817 2209 hcc

397 2253 565 2354 rubrica,

575 2383 602 2424 “
622 2365 664 2455 ‘I'
655 2405 676 2455 e
691 2403 794 2478 nunc⁴
797 2374 923 2480 aare
926 2374 1137 2484 speculator

578 2505 605 2545 “
626 2495 740 2578 Verbi
757 2496 841 2578 Dei
858 2496 966 2605 digni
983 2495 1091 2578 dator

577 2627 605 2665 ‘⁸
626 2614 766 2699 Haeddi
778 2618 842 2725 pie
852 2616 980 2726 presul
987 2633 1120 2724 precor

578 2746 607 2786 “
626 2737 848 2846 Pontificum
868 2737 987 2819 ditum
1005 2735 1109 2820 decor

581 2867 607 2903 “
628 2861 708 2941 Pro
726 2886 781 2940 me
798 2877 859 2939 tuo
873 2857 1067 2966 peregrino

582 2987 609 3025 “
629 2981 762 3061 Preces
766 2978 891 3088 frende
907 2974 945 3061 T
940 2976 1118 3058 beodoro.''

400 3098 506 3181 Hinc
529 3114 639 3206 potet
664 3099 819 3182 codicem
845 3116 1040 3181 exaratum
1058 3093 1178 3206 foiſje
1207 3095 1307 3175 inter
1334 3118 1468 3176 annom
1486 3095 1569 3200 690
1597 3124 1664 3204 quo
1689 3094 1825 3202 ¹deceffit

282 3254 286 3260 ·
402 3218 615 3317 Theodorus,
635 3240 671 3302 et
690 3249 826 3303 annum
846 3244 942 3330 704,
963 3247 1028 3328 quo
1046 3234 1208 3299 mortuus
1226 3214 1272 3318 est
1291 3216 1438 3298 Haedda
1456 3217 1630 3329 cprstopus
1648 3219 1812 3299 Winton.

336 3363 375 3446 ς.
405 3341 517 3421 Ordo
544 3342 595 3423 ad
621 3341 796 3424 dandam
825 3337 1105 3450 penitentiam,
1135 3336 1310 3448 qualiter
1337 3335 1508 3449 episcopi
1533 3342 1595 3423 vel
1625 3337 1827 3451 presbiteri

402 3458 625 3569 penitentes
645 3459 835 3572 suscipere
856 3458 1040 3541 debeant.

878 3629 1214 3752 CCCXXI.

334 3792 450 3876 Codex
466 3796 754 3879 membranaceus
773 3795 814 3877 in
834 3805 903 3902 4⁸⁰,
910 3795 1031 3906 ficiclo
1049 3798 1291 3906 xvscriptur,
1310 3798 1351 3879 in
1370 3825 1436 3908 quo
1454 3796 1671 3894 continetur,

341 3942 374 3999 1.
404 3915 576 4001 Lectum
598 3917 698 4028 [stoc
716 3916 905 4029 Postilla]
929 3920 970 4003 in
991 3918 1243 4029 evangelium
1263 3918 1480 4003 secundum
1503 3921 1750 4001 Mattheum.

407 4047 434 4082 “
453 4036 575 4120 Liber
585 4039 629 4145 st
651 4069 721 4120 non
739 4038 779 4120 ob
798 4039 894 4120 alios
909 4039 1037 4152 causas
1056 4057 1176 4122 tamen
1199 4058 1354 4150 propter
1371 4039 1519 4125 crebras
1534 4039 1828 4123 abbreviationes

406 4165 434 4203 “
455 4157 540 4238 olim
559 4159 661 4267 apud
674 4177 813 4242 veteres
826 4161 872 4262 in
890 4160 1208 4271 resrcfirucndm?

405 4289 433 4325 “
453 4281 595 4363 Autore
615 4282 793 4364 Gulielmo
812 4281 964 4394 episcopo
983 4281 1183 4390 Paristenst
1196 4283 1264 4390 qui
1281 4284 1387 4366 vixit
1397 4288 1453 4368 A.
1465 4286 1524 4367 D.
1544 4310 1592 4364 12
1597 4310 1663 4393 30.

334 4612 453 4697 Codex
483 4597 785 4700 membranaceus
798 4618 839 4702 in
871 4620 924 4701 8νο
946 4620 1146 4731 grandiori
1175 4624 1279 4707 circa
1311 4639 1448 4732 tempus
1477 4618 1701 4703 Wllelrrril.
1730 4618 1830 4729 regis

267 4737 433 4843 'Angbae
450 4736 570 4818 nitide
574 4740 754 4849 scriptus,
776 4768 840 4848 quo
858 4744 1101 4841 continentur,

252 4933 254 4939 ,
334 4855 499 4964 Dialogi
518 4858 703 4969 Gregorii
722 4888 848 4972 papae,
870 4860 940 4944 lib.
951 4861 1004 4945 iv.
1026 4863 1214 4946 Saxonice.

1423 4975 1684 5056 CCCXXIII.
1714 4971 1830 5055 Codex
1979 4995 1984 5007 ·

335 5205 543 5290 CCCXXL]
567 5207 629 5276 Ver.
642 5213 709 5276 Cat.
725 5209 770 5276 K.
789 5232 803 5277 ι
809 5231 840 5298 3.
855 5212 953 5279 MSS.
965 5212 1049 5295 Aegl.
1066 5215 1257 5301 1395··118.

333 5290 560 5377 cccxxii]
577 5294 640 5364 Vct.
658 5296 723 5363 Cot.
740 5295 770 5364 S.
791 5317 841 5365 ro.
858 5297 955 5365 MSS.
968 5298 1055 5380 Argl.
1075 5319 1276 5389 ¹53i‘270·

1005 5387 1091 5469 Xx
