4214 5910
245 663 339 782 322
920 652 1184 752 ccccv,

293 876 334 956 7.
364 841 1789 957 Tablechronologiquefanele17anneduregnedssdouardllp12.

298 970 335 1050 8.
366 972 428 1050 De
446 970 485 1049 la
502 963 767 1077 signification
785 969 834 1049 de
853 968 1006 1076 songes,
1029 985 1071 1077 p.
1092 971 1153 1049 16.

290 1120 338 1200 9
368 1088 430 1172 De
460 1089 542 1172 vita
568 1089 785 1172 christiana
814 1091 864 1172 ad
891 1087 1006 1198 cujus
1040 1088 1331 1175 observantiam
1360 1088 1530 1202 quilibet
1554 1032 1788 1176 christianus

368 1212 582 1320 obligatur,
605 1232 648 1323 p.
669 1213 729 1294 18.
1515 1324 1519 1333 .

268 1396 271 1401 ·
304 1357 368 1418 ιο.
395 1335 650 1419 lncantation
670 1352 809 1418 contre
827 1336 883 1417 lec
902 1356 1024 1418 maur
1041 1351 1081 1417 et
1100 1338 1154 1417 les
1173 1335 1305 1446 petila,
1329 1353 1372 1476 p.
1385 1362 1450 1421 20.

140 1574 144 1583 ι
270 1451 365 1540 ιι
396 1458 679 1540 Calendarium
716 1477 755 1540 et
795 1457 1034 1542 breviarium
1074 1458 1350 1570 [impersett]
1340 1485 1385 1543 ιιι
1423 1459 1632 1570 Hybernia
1668 1459 1788 1544 ufita-

395 1597 500 1678 tum,
524 1600 646 1691 923.

304 1732 363 1785 12.
395 1707 515 1784 Carta
549 1612 734 1786 Edwardi
754 1708 807 1785 II.
844 1705 893 1786 de
931 1702 1236 1787 confirmatione
1271 1703 1503 1787 libertatum
1535 1702 1717 1788 civitatis
1741 1708 1788 1790 de

250 1834 265 1861 ³
396 1822 642 1923 waterford,
673 1828 764 1908 data
785 1850 894 1909 anno
914 1852 1026 1937 regni
1046 1827 1110 1933 4
1133 1845 1175 1937 p.
1194 1853 1283 1935 190

304 1977 365 2058 13.
395 1948 639 2032 Provistones
660 1950 853 2034 ordinata
876 1977 947 2063 per
966 1976 1183 2034 commune
1200 1948 1417 2033 concilium
1436 1948 1605 2034 civitatis
1625 1957 1785 2035 Water-

396 2069 548 2167 fordiae,
567 2093 612 2182 p.
633 2104 678 2181 19
685 2101 720 2181 5.

304 2222 365 2301 14.
395 2199 470 2277 Les
492 2195 571 2304 leys
592 2212 632 2276 et
651 2197 707 2277 les
725 2194 861 2303 usages
881 2194 929 2277 de
948 2195 988 2275 la
1005 2189 1111 2276 chite
1129 2195 1178 2275 de
1198 2194 1445 2294 Waterford,
1466 2213 1509 2307 p.
1525 2195 1619 2306 203.

204 2346 209 2358 ·
305 2345 319 2398 1
330 2344 367 2425 5.
397 2316 711 2398 Consuetudines
733 2316 840 2400 feriae
860 2314 1030 2399 civitatis
1050 2315 1298 2417 Waterford,
1326 2345 1419 2430 quae
1446 2317 1590 2430 incipit
1608 2331 1650 2401 et
1673 2317 1789 2401 durat

397 2464 468 2549 per
486 2462 627 2521 novem
649 2438 744 2538 dies,
768 2458 809 2549 p.
824 2462 917 2549 232.

219 2575 223 2583 ’
303 2564 365 2642 16.
396 2562 496 2643 Aliae
517 2561 820 2646 consuetudines
839 2561 1012 2668 ejusdem
1029 2560 1199 2645 civitatis
1218 2560 1335 2645 satta
1359 2593 1409 2646 20
1426 2567 1475 2646 E.
1496 2592 1557 2660 11,
1580 2582 1625 2673 p.
1640 2591 1731 2671 234·

306 2713 367 2794 17.
398 2688 501 2805 Duae
520 2703 637 2767 cartae
658 2684 760 2767 villae
780 2686 828 2767 de
849 2684 1077 2793 Droghcda,
1101 2702 1142 2794 p.
1160 2704 1251 2794 239.

305 2808 367 2887 18.
396 2806 516 2890 Carta
537 2806 722 2890 Edwardi
743 2808 843 2916 regis
862 2806 1038 2890 conceiia
1055 2807 1159 2890 villae
1177 2807 1225 2888 de
1244 2806 1483 2904 Haverford,
1507 2826 1550 2916 p.
1565 2835 1669 2917 243.⁴

305 2959 366 3039 ι9.
396 2931 572 3012 Annales
594 2930 877 3041 breviffimiseu
895 2948 1001 3012 notae
1021 2928 1314 3038 chronologice
1334 2957 1358 3011 a
1375 2949 1473 3012 nato
1491 2929 1650 3012 Chn'sto
1668 2931 1789 3044 usque

397 3054 446 3133 ad
467 3080 621 3135 annum
648 3055 765 3162 1308,
789 3072 831 3164 p.
847 3081 939 3162 245.

302 3201 367 3255 20.
397 3177 588 3257 Remedes
609 3193 746 3257 contre
763 3175 925 3258 diverses
945 3174 1145 3273 maladies,
1168 3177 1211 3285 9.
1226 3177 1319 3280 248.

303 3325 367 3378 21.
398 3300 514 3379 Bulla
534 3296 738 3380 Bonafacii
760 3325 873 3409 papae
891 3300 939 3379 de
960 3297 1266 3380 confirmatione
1283 3298 1430 3405 regula
1448 3295 1599 3380 ordinis
1619 3294 1789 3379 fratrum

402 3420 617 3501 S.Ioannis
646 3422 854 3503 Ierusalem
892 3450 915 3504 a
952 3423 1128 3531 quodam
1166 3419 1287 3502 fratre
1325 3422 1569 3530 Raymundo
1606 3420 1788 3517 conditae,

391 3561 435 3650 p.
451 3569 542 3651 251

306 3690 369 3745 22.
399 3668 582 3772 Legende
608 3666 657 3747 de
685 3669 725 3749 la
742 3664 954 3748 fondation
981 3667 1101 3748 d'une
1129 3664 1320 3775 hospitale
1337 3663 1403 3748 sur
1430 3666 1467 3747 le
1484 3623 1602 3747 mont
1629 3666 1679 3747 de
1698 3666 1790 3748 Cai-

399 3787 518 3885 vaire,
540 3809 582 3898 p
598 3816 691 3898 255.

398 3916 459 3992 H
446 3912 580 4020 sptta
565 3943 596 3990 rs
611 3931 652 3992 ut
669 3911 816 3993 vedetur
835 3915 873 3992 S.
886 3913 1031 3992 Ioannis
1048 3911 1090 3992 de
1104 3912 1282 3993 Hiernl
1240 3946 1265 3994 a
1278 3942 1343 4009 ern,
1363 3942 1447 3993 narn
1456 3911 1532 4021 past
1548 3913 1791 3992 narrationem

365 4047 368 4054 '
398 4035 589 4116 multorum
609 4036 862 4115 miraculorum
871 4035 1042 4145 fi’quitur
1060 4035 1260 4117 exhortatio
1272 4035 1421 4143 fratris
1439 4032 1645 4144 Raymundi
1662 4034 1794 4142 regala

401 4157 548 4267 ejusdem
569 4155 705 4238 ordinis
723 4159 873 4253 autoris,
887 4184 973 4268 qua
990 4160 1047 4239 ita
1065 4158 1211 4269 incipit,

444 4291 470 4325 “
493 4279 568 4389 Cest
587 4280 769 4361 Reimnred
784 4280 872 4361 dunt
890 4309 976 4362 vons
994 4282 1036 4361 ai
1052 4282 1111 4362 dit

445 4412 471 4448 “
491 4402 530 4482 Il
543 4404 695 4511 comenfa
712 4401 793 4505 icest
811 4400 917 4513 escrit

444 4535 469 4571 “
493 4526 578 4606 Par
596 4526 726 4636 curffeil
740 4521 859 4636 defien
877 4544 1012 4607 covent.

448 4657 474 4691 “
494 4651 531 4727 E
550 4648 583 4727 il
597 4649 699 4756 ensa
717 4653 1006 4729 eumencernent.'’

310 4793 373 4877 23.
404 4767 533 4849 Pricre
555 4771 634 4850 ala
653 4769 804 4877 virgine
823 4771 964 4868 Mario,
987 4789 1029 4881 p.
1046 4798 1139 4880 3¹¹·

406 4893 556 4999 incepit,
588 4905 614 4938 “
635 4898 721 4974 Ave
725 4895 843 5004 seinte
861 4894 992 4975 Maria
1008 4926 1102 4975 mere
1119 4895 1160 4974 al
1176 4911 1323 4975 creatur

586 5027 610 5059 “
632 5016 746 5097 Reine
763 5016 820 5097 des
831 5018 967 5125 Angles
981 5018 1105 5126 plaiae
1123 5016 1164 5097 de
1181 5016 1328 5124 diesto,'{
1688 5127 1691 5133 ³

1627 5164 1691 5244 2-4.
1720 5139 1796 5218 ias
