4214 5910
888 677 1066 779 CVIII·
1289 710 1294 719 ’
1645 720 1736 819 115

262 863 326 954 86.
356 860 492 949 Prima
518 858 728 951 delineatio
756 861 937 975 computi
962 865 1065 953 Coll.
1087 865 1209 976 Corp.
1231 863 1377 955 Christi
1403 894 1474 985 pes·
1501 871 1744 965 Matthaeum
1879 860 1894 881 ”

361 985 517 1082 Parkes,
554 1013 567 1064 1
593 986 704 1065 Edw.
725 987 796 1069 VI.
819 1002 860 1093 p.
878 989 972 1090 462.

260 1107 324 1222 87.
354 1113 391 1193 A
408 1125 501 1191 note
521 1103 569 1189 of
583 1104 651 1189 the
666 1103 864 1215 principa}
886 1125 1046 1195 matters
1064 1110 1281 1193 concluded
1300 1113 1473 1194 between
1494 1113 1562 1197 the
1580 1119 1738 1223 queen's

352 1227 543 1341 majesty's
562 1224 870 1315 commiffioners
890 1231 967 1313 and
987 1230 1054 1318 the
1074 1234 1106 1317 F
1108 1232 1227 1317 rench
1248 1231 1290 1316 in
1310 1235 1508 1333 Scotland,
1530 1254 1573 1347 p.
1592 1238 1683 1347 5⁶3·
1747 1324 1751 1329 ,

889 1461 1053 1581 CIX.

253 1635 365 1719 Culex
384 1634 588 1717 chartaceus
603 1630 757 1744 infolio,
767 1633 886 1744 seculo
901 1635 1152 1749 xviscriptns,
1173 1639 1213 1720 iu
1233 1666 1297 1749 quo
1315 1641 1550 1736 continentur.

259 1787 291 1844 1
323 1753 520 1841 Hensicns
540 1758 651 1838 VIII.
673 1755 843 1863 Angliae,
863 1757 1054 1854 Francia,
1075 1763 1149 1841 &n
1170 1785 1251 1854 rex,
1281 1777 1422 1842 contra
1440 1764 1735 1851 Germanorum

65 1938 68 1943 -
194 1878 417 1991 opiniones,
446 1878 493 1961 de
525 1894 691 1987 utraque
710 1876 845 1989 specie,
872 1878 919 1965 de
940 1877 1049 1967 mina
1076 1880 1242 1993 privata,
1271 1898 1312 1963 et
1339 1883 1387 1970 de
1404 1881 1592 1992 conjugio
1611 1881 1732 1968 sacer

195 2003 351 2097 dotum,
374 2019 416 2110 p
440 2030 472 2081 1.

248 2126 356 2210 Ad
339 2124 489 2211 anitium
515 2123 707 2205 annotavit
730 2125 989 2219 Parkerus,“
1009 2126 1149 2209 collecta
1169 2144 1239 2235 per
1263 2126 1493 2208 Cutlrbertnm
1511 2130 1733 2215 Duuelmm-

194 2251 309 2359 “sem
327 2265 362 2327 ct
384 2266 565 2354 recognita
582 2263 653 2357 per
670 2248 940 2330 chricumR.
963 2246 1024 2328 8'’
1080 2252 1136 2329 Et
1153 2247 1204 2329 ad
1203 2250 1373 2357 finem
1379 2249 1468 2336 ‘Hi
1492 2248 1734 2361 quaterniones

195 2369 283 2450 “dc
299 2368 589 2480 utraqnespecre,
615 2367 656 2448 ιί
675 2367 773 2478 mifflz
786 2371 959 2483 prisma,
988 2369 1029 2449 de
1048 2370 1206 2480 corzjugio
1218 2370 1443 2480 sarcerdotnm
1453 2373 1606 2483 servati
1628 2394 1733 2454 erant

194 2501 222 2541 “
239 2493 282 2576 in
311 2491 404 2600 cistis
430 2489 618 2572 Cuthhcrti
644 2491 886 2600 Dunelmensts
914 2491 1096 2573 morientis
1124 2493 1164 2572 in
1192 2490 1324 2576 adibus
1351 2493 1545 2575 Lambethi
1570 2496 1733 2580 Mattiaci

35 2693 59 2719 .·
194 2624 220 2668 “
237 2612 515 2720 Cantuarierfis,
534 2631 569 2691 et
587 2611 656 2692 mi
645 2613 679 2698 ri
697 2612 820 2698 Matr
809 2643 860 2694 ιιι
878 2612 960 2698 elati
971 2630 1040 2722 per
1056 2633 1248 2695 executores
1260 2612 1436 2724 pracliiii
1453 2615 1676 2698 Cuthberti.”

245 2736 314 2819 Aa'
318 2753 478 2843 pag
435 2762 449 2813 1
486 2734 649 2831 ,occurit
667 2733 787 2815 branis
807 2734 966 2844 qreaeclam
969 2737 1153 2847 stutenna
1158 2737 1322 2874 ‘propria
1338 2766 1446 2818 manu
1463 2766 1558 2845 regas
1537 2737 1728 2847 scritta,

190 2877 224 2939 rt
241 2858 406 2967 adfinem
424 2765 542 2941 aliira
555 2855 605 2937 ab
604 2860 693 2967 ipso
711 2859 912 2955 Cuthbcrto,
933 2877 974 2939 ut
990 2859 1182 2940 annotavit
1199 2861 1400 2943 Parkerus
1467 2925 1469 2930 ,

168 3035 172 3040 -
244 2983 352 3063 Anno
377 3007 391 3058 1
389 3006 422 3084 ς
429 2980 496 3086 36
521 2997 696 3060 uenerunt
717 2979 762 3061 in
779 2980 999 3088 Angliaml
993 2982 1094 3088 egati
1114 3011 1139 3060 a
1154 2980 1384 3090 principibus
1402 2951 1640 3078 Germanicis,
1668 2983 1732 3091 qui

183 3119 253 3212 per
271 3101 353 3192 duos
370 3100 506 3211 mensts
511 3129 589 3185 cum
604 3101 699 3184 theol
681 3102 768 3208 logis
786 3101 988 3213 quibusdam
1007 3103 1126 3241 Angl'
1109 3104 1224 3184 scanis
1241 3133 1266 3182 a
1283 3132 1366 3212 rege
1381 3101 1566 3240 denigratis
1583 3102 1624 3184 de
1641 3133 1728 3184 non-

186 3224 295 3311 nullis
318 3222 501 3332 religionis
516 3221 683 3311 articulis
698 3221 990 3332 disputarunt3
972 3223 1151 3333 imprimis
1169 3222 1406 3335 questifiuntl
1402 3225 1500 3334 egati
1520 3226 1561 3305 de
1584 3215 1726 3336 quibus-

188 3347 271 3432 dam
288 3345 445 3452 abcfibus
462 3344 578 3428 adhuc
599 3343 771 3443 toleratu,
794 3345 859 3465 qui
869 3344 1149 3454 fundamentum
1169 3340 1371 3460 tyrannidis
1387 3345 1583 3457 pontificia
1591 3345 1729 3458 susten-

188 3487 270 3550 tare
292 3467 522 3563 videbantur,
547 3465 752 3576 prafirtim
776 3468 817 3550 de
839 3467 956 3550 tribus
980 3469 1148 3550 articulis
1163 3468 1281 3579 stupra
1305 3470 1517 3554 memoratis.
1575 3471 1656 3551 Rex
1678 3470 1728 3551 eis

186 3593 228 3672 in
251 3590 316 3671 hoc
328 3589 469 3701 scripto
494 3587 683 3700 effandet,
712 3608 748 3670 et
765 3614 809 3671 ea
827 3619 928 3673 vera
947 3592 1129 3700 religionis
1147 3590 1281 3701 Christi
1301 3588 1361 3701 effi
1387 3591 1553 3700 dogmata
1573 3590 1728 3702 probare

187 3730 348 3796 conatur.

244 3843 282 3917 2'.
313 3831 490 3944 Epistola
514 3830 697 3917 Gualteri
720 3835 897 3918 Haddon
926 3836 976 3918 ad
1003 3833 1235 3919 Mattheum
1259 3837 1450 3921 Cantuar.
1479 3860 1573 3917 cum
1601 3834 1726 3946 epita-

311 3953 410 4068 phio
428 3954 631 4040 Tunstalli
648 3955 920 4068 archipresulis
936 3957 1115 4055 hortatu,
1134 3974 1181 4039 ut
1198 3955 1367 4057 videtur,
1382 3954 1545 4066 scripto,
1566 3976 1609 4066 p.
1626 3987 1690 4066 59.

244 4110 282 4191 3.
311 4084 448 4161 Letter
474 4078 580 4161 from
609 4078 677 4161 the
706 4078 1000 4195 privy-council
1028 4098 1072 4162 to
1102 4077 1337 4190 archbiihop
1365 4078 1524 4174 Parker,
1559 4079 1725 4188 desning

183 4199 189 4208 ’
310 4201 398 4293 him
416 4218 460 4282 to
479 4202 594 4311 lodge
613 4200 800 4283 Tunstall
819 4200 960 4314 bilhop
979 4200 1029 4285 of
1043 4201 1228 4287 Durham
1248 4200 1292 4282 in
1316 4197 1377 4286 his
1401 4199 1534 4294 house,
1564 4216 1607 4279 to
1627 4229 1724 4281 con-

312 4323 371 4407 fer
389 4321 489 4404 with
510 4322 595 4406 him
614 4352 669 4405 on
688 4340 851 4406 matters
870 4322 919 4406 of
933 4322 1113 4434 mligion,
1134 4322 1223 4404 and
1241 4339 1283 4403 to
1304 4319 1420 4403 suffer
1439 4347 1546 4402 none
1564 4337 1608 4401 to
1627 4322 1725 4406 have

311 4445 434 4527 access
470 4461 514 4527 to
551 4444 636 4528 him
676 4446 750 4528 but
783 4445 893 4539 those
926 4446 1061 4530 whom
1095 4445 1144 4527 he
1178 4443 1319 4529 ihould
1351 4440 1511 4530 himself
1542 4442 1723 4556 appoint.

310 4571 658 4680 Hampton·court
680 4595 731 4680 27
752 4573 857 4679 Sept.
883 4596 1001 4681 1559›
1021 4588 1065 4682 p.
1084 4572 1148 4663 61.

1519 4716 1560 4793 4.
1588 4691 1724 4771 Letter

743 5010 851 5100 CIX]
866 5011 999 5206 Vupcan
1015 5011 1106 5079 Misc.
1123 5013 1162 5082 E.

976 5140 998 5205 2
