4214 5910
284 677 383 774 354

766 858 1307 985 occxxxvm.
1403 802 1411 815 ’
1543 882 1547 889 ·

332 1037 445 1120 Codex
463 1035 667 1116 chartaceus
687 1033 726 1114 in
748 1031 812 1139 4³⁰,
818 1034 936 1143 seculo
955 1032 1025 1113 xvi
1030 1030 1206 1142 scriptus,
1221 1031 1349 1143 -in'qno
1366 1028 1579 1127 continetur,

332 1156 571 1271 Consolatio
602 1153 882 1242 Schuenfieldii
910 1170 1052 1236 contra
1080 1151 1286 1235 veritatem
1314 1149 1503 1264 humana.
1533 1167 1691 1238 naturae
1720 1157 1816 1238 Ger·

190 1353 192 1357 .
278 1283 424 1364 monice.

804 1461 1282 1579 CCCXXXIX.

329 1631 445 1714 codex
463 1625 743 1710 membranaceus
756 1626 917 1737 infolio,
936 1629 1060 1736 inquo
1078 1625 1315 1721 continentur,

781 1751 804 1803 ¹
864 1750 890 1802 *
932 1747 1143 1860 stculoniii
1197 1749 1223 1800 *
1279 1742 1306 1801 ’ὓ

337 1905 372 1957 1.
400 1869 578 1956 Historia
602 1868 760 1979 Angliae
795 1897 820 1952 a
851 1873 979 1953 Bruto
1011 1870 1061 1951 ad
1093 1866 1312 1978 primordia
1344 1864 1456 1978 regni
1492 1867 1681 1980 Stephani
1715 1868 1811 1980 regis

403 1995 563 2103 [autore
581 1991 753 2077 Ricardo
770 1989 1174 2108 Divisrenlisecnndnm
1192 1989 1394 2101 Baletum]

292 2136 294 2141 '
333 2114 598 2202 articarius
625 2111 849 2197 Divisiensis
883 2114 933 2195 ad
962 2113 1190 2194 Robertum
1220 2111 1319 2194 olim
1354 2109 1528 2222 priorem
1553 2116 1741 2225 Wynton
1768 2112 1815 2195 ad

216 2318 217 2323 .
397 2226 623 2319 'Canufiani
640 2236 863 2347 migratum
881 2236 931 2316 de
949 2234 1066 2317 rebus
1085 2232 1201 2345 gestie
1218 2233 1380 2317 Ricardi
1394 2237 1426 2317 I.

307 2356 313 2367 ’
359 2354 362 2360 ⁴
784 2361 811 2413 ⁸
868 2363 894 2412 *
936 2356 1055 2468 seculo
1071 2358 1142 2438 nio
1197 2359 1225 2411 ⁴
1280 2360 1307 2412 ¹*

334 2512 371 2592 3.
400 2479 508 2563 Petri
534 2479 582 2561 de
601 2479 784 2563 Yckhatn
811 2476 1042 2592 compilatio
1069 2479 1116 2560 de
1144 2476 1260 2587 gestis
1281 2476 1496 2561 Britonitm
1524 2504 1570 2560 ac
1587 2481 1815 2593 Anglorum

151 2602 161 2609 ’
384 2602 453 2713 ad
471 2628 624 2684 annum
650 2630 766 2712 1327.
1340 2668 1344 2673 .

894 2795 1197 2912 CCCXL.

331 2959 444 3043 Codex
461 2943 671 3044 chartaceus
684 2963 726 3042 in
743 2959 807 3064 4“,
813 2961 930 3072 seculo
948 2962 1019 3041 xvi
1022 2960 1198 3071 scriptus,
1219 2961 1261 3041 in
1277 2989 1342 3073 qno
1356 2961 1596 3058 continemur,
1859 3042 1862 3046 ,

299 3187 301 3191 ¹
336 3111 369 3163 1.
398 3081 585 3192 Epistolae
606 3088 657 3164 D.
671 3079 785 3164 Pauli
814 3083 862 3164 ad
885 3084 1048 3164 Galatas
1077 3098 1116 3162 et
1145 3081 1195 3163 ad
1212 3079 1401 3190 Ephesios
1421 3108 1469 3163 ex
1495 3080 1652 3192 Syriaca
1679 3077 1816 3192 lingua

399 3202 441 3284 in
464 3204 651 3286 Latinam
670 3201 862 3294 conversae
882 3229 950 3313 per
968 3204 1231 3285 Emanuelem
1252 3201 1523 3301 Trimellium‚
1545 3223 1587 3315 p.
1607 3231 1641 3285 1.

332 3353 369 3406 2.
400 3324 629 3434 Aphorismi
648 3330 701 3408 D.
714 3323 885 3407 Martini
903 3324 1042 3407 Buceri
1061 3325 1108 3406 de
1128 3352 1242 3406 coena
1259 3324 1474 3423 dominica,
1498 3344 1539 3435 p.
1554 3353 1620 3438 37.

334 3474 371 3554 3.
401 3449 555 3527 Contra
574 3446 804 3529 dilationem
826 3444 1008 3559 baptismi
1026 3472 1096 3557 per
1114 3450 1327 3544 Bucerum,
1349 3464 1392 3556 p.
1406 3476 1472 3559 53.

330 3597 369 3671 4.
400 3573 536 3650 Sermo
556 3569 661 3650 Petri
680 3566 827 3650 Maitir
845 3595 969 3650 manu
996 3568 1158 3681 propria
1177 3567 1343 3681 scriptus
1369 3568 1412 3652 in
1434 3566 1664 3652 seditionem
1682 3572 1815 3650 Devo-

397 3688 594 3785 nentium,
616 3709 659 3805 p.
672 3719 737 3801 73.
803 3696 810 3708 ’

319 3822 370 3917 ’5.
399 3808 593 3918 Dialogus
615 3810 714 3920 regis
733 3828 772 3892 et
791 3810 932 3921 populi
952 3837 1023 3920 per
1039 3814 1210 3894 eundem
1229 3813 1372 3910 italice,
1394 3830 1437 3924 p.
1451 3840 1518 3922 97.

332 3937 370 4013 6.
399 3934 513 4017 Alter
530 3932 702 4039 ejusdem
720 3932 846 4015 sermo
865 3933 909 4015 in
928 3933 1171 4032 seditionem,
1193 3953 1236 4044 p.
1255 3963 1297 4016 11
1306 3964 1343 4045 ς.

320 4060 369 4164 7.
399 4053 571 4136 Thomae
590 4054 761 4166 Cooperi
779 4053 989 4138 christiana
1006 4082 1101 4136 cum
1119 4054 1308 4138 fratribus
1328 4055 1578 4156 consultatio,
1597 4074 1742 4140 utrum
1759 4055 1815 4166 pii

400 4175 508 4258 verbi
538 4176 707 4260 ministri
738 4176 1004 4289 praescriptam
1038 4207 1062 4260 a
1091 4176 1386 4287 magistratibus
1417 4179 1583 4263 vellium
1618 4178 1814 4263 rationem

401 4297 586 4410 suscipere
606 4319 645 4382 et
664 4297 817 4413 liquido
834 4299 980 4412 possint
998 4317 1038 4381 et
1056 4298 1143 4409 jure
1160 4300 1341 4399 debeant,
1362 4317 1405 4413 p.
1424 4329 1513 4410 135·
1661 4423 1684 4507 8
1730 4425 1754 4502 S

1691 4486 1701 4505 .
1757 4445 1817 4501 er·

331 4713 636 4798 cccxxxvnl]
653 4715 716 4785 Vct.
732 4720 798 4785 Cot.
814 4718 859 4783 N.
877 4737 930 4802 24.
948 4720 1043 4786 MSS.
1057 4719 1143 4802 Argi.
1162 4712 1352 4804 1461··184.

333 4827 607 4912 cccxxxvi]
623 4829 688 4896 Vct.
704 4833 771 4897 Cat.
787 4829 833 4897 O.
854 4853 867 4895 ι
874 4853 903 4918 3.
920 4833 1017 4898 MSS.
1033 4832 1120 4918 ngr.
1137 4833 1334 4922 1484··217.

336 4941 382 5028 3.]
399 4939 469 5008 Vide
482 4937 636 5004 CXCIV.
653 4943 683 5004 6.
700 4938 967 5009 CCCCXXVII.
986 4964 1017 5012 2.

336 5048 519 5131 cccxn]
536 5048 599 5116 tec.
617 5050 681 5116 cn.
699 5048 844 5123 Mrem.

334 5161 387 5252 4.]
401 5163 470 5237 Vnde
483 5160 556 5230 CII.
572 5179 624 5249 aq.
