4214 5910
360 679 427 781 34
1095 642 1225 739 LIII.

347 840 596 932 nativitatem,
618 831 815 945 peffanen,
835 834 911 918 &u
940 829 1097 913 Domini
1117 830 1238 942 nestri,
1255 828 1398 946 sunna
1417 826 1596 938 elegantia
1613 843 1648 910 et
1664 829 1784 914 nitore
1801 834 1895 916 deli-

350 981 486 1058 neatas,
514 978 550 1040 et
576 988 665 1039 aura
692 955 877 1069 variisque
904 951 1072 1038 caloribus
1099 971 1258 1050 ornatas,
1286 953 1435 1064 reliqua
1460 952 1519 1037 xie·
1545 952 1724 1037 continent
1734 954 1897 1066 fingulea

337 1085 487 1196 figuras
498 1081 680 1191 propheta
699 1096 734 1159 et
751 1077 891 1188 opssoli
909 1075 1077 1158 caloribus
1093 1076 1226 1160 leviter
1243 1077 1391 1161 tindlas.

409 1208 510 1290 Ante
524 1201 737 1314 psalterium
755 1200 914 1282 occurrit
935 1196 1225 1298 kalendarium,
1252 1216 1287 1282 et
1304 1200 1356 1282 ad
1364 1201 1495 1310 fineen,
1517 1196 1734 1282 Canticum
1761 1201 1896 1282 Heze-

353 1325 467 1424 chiae,
493 1325 669 1435 hymnus
698 1320 860 1431 Moysis,
891 1323 954 1402 Te
981 1325 1130 1420 Deum,
1159 1320 1290 1403 etalii
1316 1320 1459 1432 hymni
1486 1319 1727 1432 escripturis
1756 1321 1896 1407 sacris:

206 1554 209 1559 Ι
354 1448 590 1560 Symbolum
610 1440 828 1543 Athanasii,
860 1441 1035 1541 Litania,
1065 1442 1369 1555 supplicationes
1398 1444 1449 1527 ad
1478 1441 1647 1543 sanctos,
1676 1447 1896 1529 Commen-

353 1572 463 1657 datio
481 1569 627 1653 animae
644 1564 867 1663 morientis,
885 1580 926 1647 et
946 1591 1078 1675 preces
1099 1592 1173 1674 pro
1191 1564 1376 1651 mortuis.

413 1722 451 1778 2.
480 1696 621 1774 Breves
639 1691 801 1772 annales
818 1684 990 1796 Angliae,
1012 1687 1165 1770 Gallice
1183 1686 1331 1799 scripti,
1353 1717 1377 1770 a
1393 1689 1519 1770 Bruto
1537 1687 1588 1769 ad
1605 1685 1830 1770 Henricum
1847 1689 1900 1774 iv.

409 1846 448 1928 3.
478 1813 612 1898 Brevis
636 1811 799 1894 historia
819 1804 1004 1894 Coenobii
1026 1810 1349 1920 Petroburgenfis
1378 1837 1402 1892 a
1426 1810 1558 1923 prima
1582 1806 1822 1895 fundatione
1845 1814 1899 1905 ,ad

474 1963 630 2018 annum
657 1963 774 2040 1400.

404 2090 444 2168 4.
474 2057 652 2142 Historia
668 2053 862 2140 naturalis
880 2054 1070 2144 omnium
1087 2058 1169 2145 fere
1185 2056 1436 2158 animalium,
1464 2074 1595 2142 ornata
1603 2058 1744 2171 figuris
1757 2057 1896 2143 illuni·

475 2199 585 2267 Μ
1038 2321 1205 2440 mv.

403 2486 519 2570 Codex
535 2483 816 2567 membranaceus
836 2486 876 2567 in
883 2485 993 2596 solia,
1000 2485 1121 2598 seculo
1138 2483 1391 2601 uioseriptus,
1411 2485 1452 2566 in
1471 2513 1535 2598 qua
1553 2484 1766 2582 continetur,

319 2660 322 2665 -
406 2609 498 2691 Odo
520 2604 852 2718 [cantuarienfis]
874 2608 988 2720 super
1007 2628 1183 2721 quatuor
1199 2609 1350 2726 priores
1368 2605 1490 2693 libros
1510 2605 1674 2720 Moyfis.

402 2743 432 2840 ξ(
455 2731 570 2819 Liber
574 2732 717 2844 seeum
734 2732 879 2814 Maria
897 2731 939 2814 de
956 2735 1157 2846 Coggeshal.

1040 2942 1175 3060 LV.

400 3105 514 3190 Codex
531 3105 812 3189 membranaceus
827 3107 983 3218 infolio,
992 3106 1112 3218 ficulo
1127 3107 1203 3188 xiii
1220 3124 1404 3202 exaratus,
1424 3106 1465 3188 in
1484 3133 1549 3217 quo
1566 3106 1779 3202 continetur,

399 3226 603 3340 Expositio
641 3227 831 3340 Stephani
866 3231 915 3313 de
948 3233 1163 3341 Langtune
1201 3227 1481 3342 archiepiscopi
1514 3225 1806 3311 Cantuarienfis
1846 3227 1890 3312 in

343 3350 673 3448 Pentateuchum,
694 3351 870 3458 Josuam,
891 3351 1062 3461 Judices,
1080 3352 1210 3449 Ruth,
1232 3350 1272 3433 iv
1290 3352 1411 3434 libros
1428 3357 1601 3460 Regum,
1623 3349 1652 3434 ii
1670 3350 1791 3434 libms
1812 3355 1888 3433 Pa-

342 3471 632 3582 ralipomenon,
652 3472 842 3570 Tobiam,
873 3471 1029 3581 Judith,
1059 3475 1214 3575 Esther,
1242 3474 1420 3572 Esdram,
1456 3478 1530 3556 1mum
1547 3473 1697 3557 librum
1725 3479 1888 3558 Macca-

341 3594 536 3688 baeorum,
558 3611 597 3675 et
616 3591 769 3677 lsaiam.

399 3716 508 3823 Deest
525 3715 675 3798 initium
685 3718 829 3828 prologi
845 3719 885 3800 in
904 3719 1061 3828 Geneyin.

394 4089 509 4171 Codex
526 4092 731 4173 chartaceus
750 4093 791 4173 iu
795 4093 906 4201 salia,
913 4095 1029 4206 staula
1046 4097 1116 4176 xvi
1120 4095 1296 4207 scriptus,
1316 4095 1357 4175 in
1375 4125 1440 4205 quo
1458 4094 1671 4192 continetur,

394 4211 566 4294 Matthei
586 4211 694 4295 Paris
714 4211 876 4298 historia
894 4216 1027 4301 minor
1045 4246 1067 4301 a
1087 4215 1344 4300 coronatione
1364 4215 1560 4300 Willelmi
1579 4223 1610 4300 1.
1642 4217 1693 4299 ad
1711 4235 1883 4300 mortem

340 4332 507 4450 Henrici
525 4339 598 4434 III,
617 4363 728 4420 anno
751 4365 867 4451 1273.

1771 4467 1885 4545 Hunc

395 4709 445 4838 4.]
464 4754 531 4825 uu
546 4752 655 4817 xxu.
673 4775 701 4817 2·
718 4753 933 4820 cccuxix.
952 4775 983 4822 2.

392 4838 500 4917 LIV.]
518 4838 579 4905 Vet.
596 4841 652 4902 Cot
667 4836 718 4902 M.
738 4861 786 4904 11.
804 4840 900 4906 MSS.
917 4841 1001 4923 Angl.
1021 4840 1222 4933 1426-149.

394 4922 486 5002 Lu]
503 4922 566 4990 Vet.
581 4925 648 4986 Cat.
666 4922 715 4987 M.
736 4943 784 5070 ιζ’.
800 4924 896 4990 MSS.
916 4927 999 5007 Angl.
1021 4928 1222 5015 1428-151.

392 5005 483 5086 LV.]
502 5007 570 5074 Vide
584 5005 709 5070 XXXI.
725 5007 752 5070 L
788 5006 846 5072 ΙΙΙ.
863 5009 1053 5076 LXXXIX.
1070 5012 1190 5080 CCIV.

394 5088 502 5174 LVI]
518 5091 582 5159 Vct.
598 5093 664 5157 Cat.
680 5089 720 5157 C.
740 5113 792 5160 ιο.
808 5093 905 5161 MSS.
921 5095 1008 5179 Angl.
1026 5117 1197 5188 1307··31.
