4214 5910
719 642 1147 739 cccctxxxu.
1633 612 1733 771 4‘29
1872 739 1874 742 ,

247 845 312 927 52.
343 823 403 902 De
424 812 612 904 libertate
625 824 882 932 perquirendi
901 826 949 906 de
969 802 1097 933 gratia
1118 822 1233 934 regis,
1257 824 1405 934 p.268.

245 967 310 1046 53.
340 945 489 1024 Modus
513 942 670 1027 levandi
690 945 802 1041 fines,
827 965 867 1055 p.
883 972 975 1056 270.

244 1088 309 1167 54.
337 1062 526 1170 Capitula
546 1063 712 1157 itineris,
739 1085 778 1172 p.
794 1092 886 1172 271.

243 1207 265 1287 5
272 1209 307 1286 5.
338 1183 553 1264 Trafratus
574 1186 621 1264 de
641 1183 885 1292 ponderibus
905 1204 943 1265 et
964 1176 1171 1289 mensuris,
1195 1205 1342 1296 9274.

242 1302 306 1407 56.
338 1306 399 1382 De
419 1332 502 1413 quo
522 1323 723 1386 warranto
743 1304 888 1415 ptimo,
911 1325 954 1416 p.
970 1307 1063 1413 308.

240 1446 305 1528 57.
336 1425 398 1506 De
417 1452 500 1534 quo
520 1446 720 1507 warranto
740 1427 924 1524 secundo,
948 1445 989 1535 p.
1005 1455 1097 1535 277.

239 1539 304 1647 58.
336 1546 398 1625 De
417 1572 500 1654 quo
521 1564 722 1627 warranto
743 1545 933 1642 maxime,
958 1566 999 1655 p.
1015 1547 1107 1627 288.

238 1686 302 1767 59.
334 1667 396 1744 De
415 1692 497 1774 quo
519 1682 719 1748 warranto
739 1664 871 1762 tertio,
894 1686 936 1775 p.
951 1692 1046 1775 207.

238 1782 304 1863 60.
334 1789 396 1865 De
416 1785 715 1871 vicecomitibus
736 1807 775 1871 et
795 1787 963 1884 ballivis,
987 1807 1031 1898 p.
1046 1787 1139 1895 289.

184 2011 186 2016 Α
238 1901 304 1984 61.
335 1907 397 1987 De
417 1906 567 1988 catallis
590 1907 787 2007 selonum,
810 1929 852 2020 p.
868 1938 964 2020 293.

235 2021 301 2103 62.
331 2026 563 2109 Delationes
584 2029 716 2127 curiae,
740 2051 782 2141 p.
797 2057 890 2137 294.

234 2142 302 2248 63.
333 2150 397 2230 De
415 2146 564 2258 iniquis
585 2151 887 2263 calumpniand.
910 2168 951 2258 p.
967 2173 1060 2257 295.

94 2345 109 2357 ,
235 2263 301 2369 64.
333 2269 478 2349 Statut.
497 2271 546 2350 de
566 2270 941 2367 consultationibus,
972 2269 1064 2351 ibid.
1208 2316 1209 2323 ¹

234 2380 259 2460 6
265 2409 301 2489 5.
330 2423 468 2447 --
496 2385 568 2466 ubi
587 2387 769 2471 duellum
789 2387 831 2470 in
852 2414 1001 2496 magna
1021 2385 1140 2484 allisa,
1162 2379 1315 2499 p.296.

234 2501 301 2584 66.
332 2548 468 2566 -—-
497 2507 545 2586 de
564 2505 767 2604 scaccario,
791 2526 835 2617 p.
850 2506 941 2612 298.

234 2620 303 2730 67.
333 2621 619 2708 Distinsliones
640 2624 827 2732 ejusdem,
850 2644 893 2735 p.
909 2626 1002 2733 306.

233 2738 302 2822 68.
333 2745 478 2827 Statut.
499 2746 538 2825 al
558 2744 746 2829 honneur
765 2747 813 2828 de
832 2745 938 2840 dieu,
961 2761 1003 2852 p.
1015 2770 1110 2851 309.

107 2864 112 2873 ’
232 2864 301 2973 69.
329 2906 467 2931 -·-
496 2892 609 2948 come
629 2867 758 2974 Hugh
778 2868 814 2947 le
833 2862 1063 2973 Despenser.

233 3009 301 3097 70.
330 2990 617 3096 Juramentum
639 2983 899 3081 vicecomitis,
920 3001 964 3093 p.
978 3009 1069 3094 322.

233 3132 300 3220 71.
333 3112 394 3192 De
414 3107 519 3193 falfis
539 3106 709 3193 retornis
730 3105 806 3191 vic.
828 3126 869 3219 p.
885 3133 980 3215 324.

213 3235 298 3341 Ι72.
328 3229 519 3313 Officium
541 3228 804 3328 coronatoris,
826 3228 974 3341 9.326

230 3376 299 3460 73.
328 3354 613 3460 Juramentum
634 3349 736 3460 regis
757 3354 830 3461 qui
850 3363 1081 3446 coronatur,
1104 3361 1147 3458 p.
1162 3373 1255 3457 330.

229 3494 300 3581 74.
328 3475 614 3581 Juramentum
633 3470 925 3582 episcoporum,
947 3487 1096 3580 9.332

230 3595 614 3704 75.]2222222222222222
633 3588 845 3674 consiliarii
864 3588 981 3700 regis,
1006 3608 1154 3699 93332

228 3715 299 3824 76.
327 3716 613 3822 Juramentum
633 3708 885 3818 justiciorum
906 3708 1023 3820 regis,
1046 3727 1090 3819 9.
1104 3737 1198 3820 333.

229 3860 299 3945 77.
328 3838 615 3944 Juramentum
634 3828 901 3917 clericorum
890 3858 935 3915 m
955 3858 1066 3916 canc.
1088 3850 1228 3943 9

230 3954 300 4065 78.
330 3959 478 4040 Statut.
499 3951 732 4065 Hyberniae,
750 3969 795 4063 p.
808 3978 904 4064 335.

231 4099 301 4185 79.
329 4072 547 4159 Petitiones
566 4075 615 4155 de
634 4073 807 4182 querela,
829 4093 873 4183 9.
889 4100 984 4183 342.

234 4195 299 4281 80.
327 4197 475 4281 Statut.
495 4194 544 4276 de
563 4194 885 4304 Northampton,
906 4211 950 4304 p.
962 4219 1057 4303 347.

231 4313 298 4402 82.
325 4356 465 4380 ·--
483 4311 653 4398 Westm.
673 4311 880 4423 quintum,
902 4328 945 4423 9.
960 4338 981 4422 3
989 4335 1056 4421 55.

231 4434 298 4521 82.
325 4474 464 4500 --
492 4434 616 4521 Ebot.
635 4461 747 4520 anno
764 4460 890 4536 nono,
913 4449 955 4542 p.
971 4433 1065 4545 366.

233 4556 299 4669 83.
332 4554 560 4643 Concordia
578 4571 619 4642 et
637 4569 717 4639 vet.
736 4555 954 4653 malorum,
976 4571 1020 4664 9
1038 4577 1129 4664 374.
1154 4667 1157 4670 ψ

232 4678 299 4790 84.
327 4681 392 4765 De
411 4677 529 4764 cartis
549 4693 589 4763 et
607 4674 890 4790 provisoribus,
913 4693 955 4788 9.
972 4676 1066 4787 376.

329 4803 396 4887 Ex
412 4799 498 4886 dono
515 4800 606 4886 dom.
624 4801 676 4914 J.
686 4801 810 4885 Moor.

891 5015 1007 5133 ἢ
