4214 5910
285 655 356 747 44
776 718 781 729 ,
997 612 1176 711 LXIV.

332 805 490 894 Veritas
519 803 744 916 theologiae,
769 800 839 887 lib.
857 801 933 900 vii,
954 817 1108 902 autore,
1138 818 1182 886 nt
1207 798 1401 884 annotavit
1427 802 1634 899 neotericus,
1662 797 1824 912 AEgidio

431 926 724 1041 archiepiscopo
742 922 987 1010 Bituricensr.

951 1130 1153 1248 LXV.

335 1297 448 1383 Codex
465 1295 746 1381 membranaceus
764 1299 804 1381 in
809 1295 918 1407 filio,
924 1295 1044 1409 stralo
1061 1295 1122 1377 xii
1128 1293 1301 1404 scriptus,
1321 1294 1362 1378 in
1380 1320 1452 1406 qno,
1462 1292 1703 1390 continentur,

337 1418 545 1527 Homeliae.
558 1417 603 1501 in
619 1417 834 1528 evangelia,
860 1445 952 1527 quae
975 1415 1114 1499 diebus
1133 1415 1238 1499 festis
1263 1416 1497 1525 legebantur
1519 1440 1543 1496 a
1565 1411 1750 1497 Paschate
1773 1414 1826 1496 ad

277 1540 522 1628 dominicam
536 1539 724 1625 ultimam
740 1541 828 1653 post
839 1538 1104 1652 pentecosten,
1121 1566 1141 1620 e
1157 1539 1259 1620 Beda
1272 1536 1480 1648 Gregorio,
1494 1533 1736 1646 Augustino,
1750 1539 1826 1620 &c.

940 1749 1173 1867 LXVI.

336 1919 451 2001 Codex
467 1914 750 1999 membranaceus
767 1914 920 2025 infolio,
940 1914 1087 2026 divrrsts
1099 1913 1262 1997 naahas
1276 1929 1311 1995 et
1328 1911 1612 2027 diverfissecniis
1630 1926 1825 2029 exaratum
1958 1990 1960 1995 .

281 2042 395 2123 -in
407 2041 536 2152 prima
552 2038 652 2146 cujus
663 2054 774 2149 parte
777 2039 898 2150 seculo
914 2039 990 2120 xiii
992 2037 1142 2149 scripta
1160 2038 1398 2134 continentur,

343 2190 378 2244 1.
408 2166 547 2270 Imago
580 2159 723 2246 mundi
751 2175 937 2242 contexta
965 2186 1036 2270 per
1065 2156 1289 2242 Henricum
1321 2155 1561 2240 canonicum
1593 2154 1758 2240 ecclelia
1788 2162 1828 2241 S.

312 2331 314 2335 ·
408 2283 551 2367 Mariae
566 2280 734 2365 civitatis
750 2280 979 2393 Mogontia
992 2282 1042 2363 de
1062 2307 1197 2364 rerum
1211 2279 1381 2378 naturis,
1400 2277 1718 2391 imperatoribus,
1739 2306 1829 2390 reg·

408 2407 486 2506 nis,
513 2402 684 2515 regibus,
711 2423 750 2487 et
772 2402 1045 2516 pontificibus,
1075 2404 1200 2516 usque
1224 2404 1273 2487 ad
1297 2401 1523 2487 Henricum
1547 2401 1829 2516 imperatorem

408 2527 540 2612 filium
560 2525 739 2627 Henrici,
759 2524 887 2610 libii.
1828 2558 1832 2565 ⁵

407 2652 512 2736 Huic
528 2652 626 2760 operi
635 2650 848 2764 praefigitur
864 2669 995 2762 mappa
1011 2651 1147 2749 mnndi,
1161 2669 1203 2762 p.
1226 2679 1263 2761 5.

342 2803 380 2859 2.
409 2773 607 2888 Qaedam
626 2799 673 2855 ex
693 2771 825 2854 Plinio
843 2770 1005 2882 aliisque
1023 2774 1071 2854 de
1090 2770 1342 2885 geographia.

342 2926 381 3008 3.
410 2893 587 2979 Historia
602 2894 651 2975 de
664 2890 817 3004 origine
831 2895 1060 3004 Anglorum
1076 2912 1115 2976 et
1133 2895 1181 2977 de
1196 2894 1326 3005 regnis
1341 2921 1480 2978 corum
1496 2895 1546 2976 ab
1562 2895 1692 2977 Adam
1706 2893 1831 3009 usque

284 3019 334 3104 ad
364 3006 579 3102 secundum
609 3016 834 3105 Henricum
860 3015 1119 3128 imperatricis
1139 3014 1283 3115 filium,
1313 3016 1384 3129 qui
1412 3016 1591 3128 regnavit
1618 3016 1662 3100 in
1681 3019 1829 3130 Anglia

283 3138 373 3255 post
392 3139 507 3253 pium
525 3155 565 3221 et
584 3138 761 3222 nobilem
782 3167 912 3250 regem
932 3141 1193 3252 Stephanum,
1214 3157 1255 3222 et
1271 3142 1319 3223 de
1337 3140 1526 3225 omnibus
1542 3139 1830 3256 episcopatibus

284 3281 323 3348 et
342 3260 530 3375 episcopis
550 3262 675 3344 totius
696 3261 853 3374 Angliae
871 3263 1036 3375 pulchre
1054 3281 1092 3346 et
1114 3258 1556 3375 subtiliter'composrta
1570 3282 1612 3374 p.
1634 3266 1700 3375 67.

340 3390 405 3468 Ex
419 3384 564 3495 adverso
573 3386 709 3494 prima
717 3388 869 3493 pagina
882 3383 927 3492 est
939 3385 1126 3468 delineatio
1140 3387 1402 3497 rotafortnner
1415 3386 1584 3469 coloribus
1596 3389 1829 3489 illuminata,

271 3507 443 3622 stqnitnr
459 3505 585 3587 tabula
597 3508 825 3616 genealogica
844 3506 891 3588 ab
908 3509 1049 3588 Adamo
1068 3506 1120 3588 ad
1133 3509 1277 3604 iisoden,
1306 3510 1347 3591 in
1366 3540 1438 3623 qna
1454 3529 1709 3592 enumerantur
1720 3543 1831 3621 gene·

285 3629 578 3738 rationessoltent
597 3628 717 3724 xxoi3
746 3647 781 3710 et
791 3628 866 3739 post
882 3629 1110 3739 hancflgnro
1129 3632 1276 3715 Wodeni
1282 3631 1381 3742 sotis
1397 3632 1519 3714 nitido
1536 3663 1615 3714 cnon
1632 3635 1832 3717 nominibus

276 3753 444 3864 filioram
462 3748 535 3859 ons
555 3749 644 3832 unde
661 3780 759 3859 reges
776 3750 929 3861 Angliae
944 3751 1124 3834 duxerunt
1140 3754 1340 3864 originem:
1368 3754 1515 3864 hylaria
1539 3753 1616 3868 ipsa
1638 3758 1771 3868 incipit
1787 3743 1852 3840 ob⁸

285 3872 507 3984 heptarchia
527 3888 562 3953 et
579 3873 810 3957 continuatur
833 3873 1003 3985 usquead
1018 3875 1219 3959 Hearicnm
1237 3881 1294 3978 II,
1304 3877 1376 3991 fid
1389 3908 1432 3960 ea
1451 3875 1631 3961 breuitate
1648 3885 1830 3992 ntſsptern

274 3995 484 4110 solummodo
501 3994 751 4106 coestetsoliis.

341 4116 641 4230 L'iberftcandus
656 4116 774 4199 eadem
791 4119 972 4204 breuitate
990 4142 1142 4208 marroc
1148 4121 1382 4238 snccefflonem
1397 4121 1652 4236 cpiscoporum:
1673 4152 1833 4206 rasuera

286 4238 644 4350 Eboracenstssnfins
661 4243 1040 4343 catabatmon,
1060 4246 1210 4332 dimidio
1228 4247 1319 4329 libri
1336 4247 1422 4329 huic
1431 4247 1638 4358 provincia
1655 4247 1829 4360 impenffo:

286 4365 409 4476 definit
427 4382 580 4473 utroque
595 4361 743 4473 historia
762 4367 802 4446 in
820 4394 911 4448 anno
935 4368 1053 4452 1181.

1661 4522 1701 4600 4.
1731 4500 1830 4579 Pro·

343 4806 468 4891 va.]
485 4810 547 4879 Vct.
565 4810 632 4876 Cot.
649 4807 682 4874 P.
699 4831 730 4896 9.
748 4809 843 4877 MSS.
860 4812 945 4897 Angl.
973 4813 1172 4902 1505-238.

341 4929 483 5013 LXVL]
502 4930 563 4996 Vct.
581 4932 646 4995 Cot.
664 4926 738 4993 Sub.
756 4927 800 4998 D.
821 4951 870 4999 12.
888 4930 984 5001 MSS.
1003 4933 1088 5020 Argi.
1107 4933 1308 5024 1635-368.

347 5049 394 5138 1.]
410 5049 479 5122 noe
496 5068 544 5117 12.
564 5048 614 5115 16.
630 5047 719 5114 LIX.
738 5069 770 5117 1..
