4214 5910
410 724 473 820 70
942 667 944 674 ¹
1162 688 1246 784 CI.

408 932 414 945 ·
461 908 526 991 37.
557 883 619 961 De
637 874 830 960 mensuris
849 891 888 958 et
907 872 1164 988 ponderibus,
1188 895 1230 987 p.
1253 904 1345 986 ²99·

460 1006 524 1115 38.
555 1008 751 1112 Excerpta
775 1029 822 1082 ex
849 998 1152 1082 continuatione
1177 998 1326 1109 Rogeri
1352 997 1547 1081 Hoveden
1571 999 1622 1082 ad
1646 1025 1802 1083 annum
1831 1027 1950 1110 1091,
2028 1047 2031 1051 ·

581 1156 704 1234 .300.

459 1282 524 1362 39.
547 1145 647 1330 illia
666 1265 848 1359 excerpta
864 1249 912 1328 de
933 1245 1195 1345 BrithwoldO,
1214 1265 1254 1331 et
1274 1246 1539 1358 parliamento
1557 1277 1623 1331 an.
1650 1277 1769 1360 1372,
1790 1266 1833 1359 p.
1858 1276 1950 1358 302.

457 1405 525 1482 40.
556 1378 618 1456 De
638 1372 828 1454 eleslione
849 1370 1042 1481 Stephani
1059 1372 1108 1452 de
1127 1378 1316 1480 Langton
1336 1370 1379 1454 in
1398 1371 1737 1484 archiepiscopum
1756 1376 1950 1456 Cantuar.

554 1503 605 1578 A.
625 1501 678 1577 D.
705 1497 820 1578 1208.
849 1526 893 1575 ax
911 1497 1172 1577 continuatione
1189 1498 1327 1603 Rogeri
1344 1496 1528 1592 Hoveden,
1551 1516 1593 1606 p.
1617 1526 1709 1606 303.

457 1651 523 1728 41.
554 1622 751 1729 Excerpta
769 1645 818 1699 ex
834 1617 991 1699 diversrs
1011 1617 1219 1700 autoribus
1239 1620 1287 1700 de
1305 1618 1458 1727 nuptiis
1478 1618 1726 1719 clericorum,
1748 1637 1792 1729 p.
1815 1648 1909 1728 304.

453 1773 521 1853 42.
551 1746 799 1853 Excerptum
818 1769 866 1823 ex
885 1739 1188 1824 continuatione
1209 1741 1357 1851 Rogeti
1376 1742 1570 1824 Hoveden
1587 1743 1634 1823 de
1653 1746 1811 1825 decreto
1828 1742 1950 1852 legati

548 1883 597 1948 ut
611 1865 735 1975 Angli
748 1863 987 1978 primarium
1001 1868 1138 1947 locum
1152 1867 1347 1951 haberent
1360 1864 1403 1949 in
1419 1865 1620 1950 academia
1635 1864 1836 1952 Parifienfi
1850 1863 1949 1977 quia

548 1984 654 2072 Beda
673 1989 828 2101 primus
847 1987 904 2071 ibi
922 1988 1073 2087 docuit,
1094 2007 1138 2099 p.
1161 2018 1254 2101 305.

448 2142 517 2223 43.
546 2117 609 2196 De
628 2110 834 2210 mensuris,
857 2131 898 2222 p.
921 2115 1014 2221 306.

447 2268 515 2345 44.
543 2240 740 2347 Excerpta
767 2263 814 2316 ex
838 2234 1048 2318 Gulielmo
1073 2236 1121 2315 de
1147 2234 1419 2347 Malmelbury
1441 2235 1490 2316 de
1514 2235 1755 2346 antiquitate
1779 2239 1945 2324 Glasco-

544 2357 687 2441 niensrs
706 2357 883 2456 ecclesm,
907 2376 948 2467 p.
971 2385 1063 2467 307.

399 2500 402 2507 ·
447 2512 475 2590 4
478 2509 515 2592 ς.
546 2485 609 2564 De
634 2480 765 2593 primo
788 2479 894 2564 statu
914 2479 1176 2564 Laudavensrs
1194 2479 1359 2565 ecclefiae
1378 2496 1417 2563 et
1439 2480 1524 2564 vita
1547 2479 1829 2596 archiepiscopi
1848 2489 1941 2569 Du-

543 2603 666 2701 britii,
722 2635 845 2714 .310.

543 2741 569 2776 “
591 2624 746 2810 Haecin
763 2727 996 2839 antiqnffma
1011 2730 1157 2838 quadam
1174 2731 1413 2842 librascrr'pto
1430 2732 1490 2810 D.
1505 2731 1667 2812 Henriai
1680 2731 1808 2812 Sidnei
1819 2733 1859 2812 in
1873 2762 1942 2842 quo

540 2862 567 2896 “
586 2856 799 2933 tradantur
821 2853 916 2932 vita
939 2851 1159 2961 quorundam
1177 2853 1343 2933 divarum
1362 2853 1662 2935 Britannicarum
1686 2855 1727 2935 in
1743 2857 1828 2935 vita
1846 2858 1938 2937 Du-

540 2985 567 3019 “
587 2975 711 3070 britii,
732 2973 831 3082 cujrn
850 2975 970 3054 vitam
974 2974 1124 3085 scripſst
1140 2975 1251 3058 etiam
1265 2975 1477 3058 Benedictus
1490 2975 1640 3058 canabii
1657 2980 1697 3059 S.
1709 2978 1823 3058 Petri
1835 2979 1938 3090 apos-

537 3108 563 3142 “
584 3099 649 3179 tali
668 3098 952 3206 Clandiacessriae
969 3098 1190 3179 monachus.’'

444 3224 511 3331 46.
541 3219 784 3316 Convivium
802 3219 846 3301 in
862 3219 1128 3303 installatione
1144 3221 1350 3334 Radulphi
1363 3221 1412 3302 de
1427 3225 1587 3304 Boume
1606 3217 1774 3317 abbatis,
1792 3225 1831 3302 S.
1845 3225 1937 3304 Au-

535 3343 683 3452 gustini
704 3349 895 3425 Cantuar.
918 3349 967 3423 A.
986 3349 1039 3424 D.
1066 3372 1183 3453 1309,
1206 3365 1248 3455 p.
1273 3375 1363 3456 313.

436 3495 505 3577 47.
534 3465 830 3548 Proclamation
851 3468 965 3549 made
986 3463 1038 3574 by
1053 3467 1187 3548 advice
1205 3467 1254 3550 of
1271 3467 1510 3580 parliament
1533 3494 1651 3577 1315,
1670 3483 1715 3549 to
1735 3466 1844 3550 settle
1863 3466 1937 3553 the

535 3587 661 3699 prices
682 3587 731 3669 os
744 3587 1004 3698 provifion,
987 3619 1028 3668 an
1047 3592 1200 3699 English
1220 3593 1296 3674 aad
1311 3592 1463 3689 French,
1486 3610 1528 3700 p.
1552 3618 1645 3700 314

435 3713 505 3820 48.
534 3713 718 3793 Another
736 3710 888 3820 against
907 3709 1061 3792 excess
1051 3739 1096 3793 111
1112 3712 1208 3811 diet,
1229 3735 1272 3824 p.
1296 3742 1389 3823 315·

423 3856 503 3946 49.
534 3838 597 3917 De
620 3852 750 3918 morte
773 3833 874 3941 regis
895 3831 1100 3931 Iohannis
1125 3867 1169 3917 cx
1189 3838 1281 3922 libra
1299 3840 1360 3921 cui
1377 3838 1453 3919 ritu
1453 3837 1569 3946 insist
1593 3837 1781 3948 eulogium,
1806 3856 1938 3925 arctare

534 3961 680 4072 quadam
700 3959 862 4040 manacho
880 3962 1057 4040 Cantuar.
1078 3976 1120 4069 p.
1143 3963 1235 4068 316.

437 4111 504 4194 50.
534 4086 597 4164 De
615 4081 769 4163 sedibus
788 4078 1106 4190 metropolitanis
1125 4113 1170 4163 ex
1186 4085 1298 4165 eadem
1317 4104 1452 4181 antara,
1475 4103 1517 4193 p.
1540 4084 1632 4194 318.

383 4237 387 4245 ·
437 4237 502 4318 51.
533 4204 762 4314 Registrum
787 4202 1001 4286 taxationis
1027 4203 1213 4290 omnium
1239 4208 1442 4288 bonorum
1468 4204 1737 4316 spiritualium
1761 4223 1800 4290 et
1826 4224 1936 4295 tem-

529 4327 732 4440 poralium
752 4327 1048 4439 provinciarum
1064 4333 1184 4412 Cant.
1202 4347 1243 4412 et
1260 4331 1382 4415 Ebot.
1404 4360 1448 4411 ex
1461 4330 1609 4439 registra
1625 4331 1769 4441 ecclcfiae
1783 4330 1866 4415 Cice
1894 4365 1934 4419 r.

516 4453 592 4561 sal.
615 4455 708 4548 262,
731 4471 774 4562 p.
796 4480 889 4562 319.

440 4601 505 4687 52·
534 4575 651 4657 Bulla
667 4572 852 4684 Gregorii
872 4601 985 4687 papae
999 4602 1039 4656 v.
1058 4575 1106 4656 de
1125 4574 1350 4685 quantitate
1367 4574 1568 4660 diuorum
1582 4572 1840 4659 denariorum
1858 4605 1936 4688 per

1749 4699 1932 4809 smgulos

432 5031 503 5121 51.]
519 5030 712 5102 11101111.
733 5034 784 5103 1⁶.

433 5150 504 5242 52.]
521 5149 589 5219 iaia.
608 5158 661 5240 17⁶7
