4214 5910
358 711 433 806 os·
795 731 797 735 ·
1119 698 1200 795 cr.
1351 661 1356 672 '

372 947 377 961 ·
417 926 480 991 az.
509 896 634 1007 Qud
654 886 849 976 Ricardus
874 889 921 983 de
943 887 1155 1007 Willaston
1174 882 1352 983 clericus,
1378 885 1449 996 qui
1475 884 1720 999 desponsavit
1738 893 1907 1000 Marga-

506 1020 626 1101 ritam
648 1018 695 1097 de
714 1015 891 1110 Attwell,
918 1011 1102 1095 admissus
1129 1009 1184 1092 est
1209 1012 1260 1126 ad
1284 1038 1415 1092 unum
1434 1009 1652 1119 rotagium,
1675 1015 1751 1094 &e
1779 1041 1824 1094 ex
1843 1046 1907 1095 re-

491 1142 622 1225 ‘cordis
639 1142 754 1222 surico
770 1137 927 1220 manerii
944 1136 987 1217 de
1003 1140 1127 1218 Preez
1147 1164 1168 1244 3
1192 1133 1303 1218 Edw.
1322 1139 1398 1215 III.
1420 1153 1463 1244 p.
1489 1161 1577 1243 137.

417 1297 477 1378 13·
507 1269 628 1347 Casta
646 1261 857 1345 Florentia
876 1260 1083 1370 quondam
1107 1256 1242 1340 uxoris
1262 1255 1435 1339 Simonis
1459 1258 1508 1338 de
1529 1256 1804 1341 Haukeherste
1821 1260 1905 1342 cle-

505 1387 590 1484 rici,
620 1383 702 1495 qud
729 1383 876 1468 remisit
901 1400 941 1465 et
965 1382 1149 1493 quietum
1174 1378 1360 1463 clamavit
1388 1378 1523 1462 abbati
1545 1379 1589 1460 'et
1607 1381 1823 1464 conventui
1853 1386 1904 1466 de

504 1510 614 1593 Bello
633 1526 769 1590 totum
797 1505 995 1613 jussuum
1016 1523 1055 1586 et
1076 1502 1268 1587 clamium
1295 1505 1405 1614 quod
1433 1501 1576 1585 habuit
1603 1502 1769 1585 nomine
1795 1506 1901 1589 dotis

489 1635 551 1714 ·de
577 1629 814 1713 tenementis
841 1627 917 1713 sive
940 1627 1081 1711 reddit.
1109 1655 1201 1738 quae
1228 1626 1371 1708 habuit
1393 1654 1440 1717 ex
1464 1624 1693 1707 demiffione
1719 1627 1902 1736 praedieti

243 1855 246 1861 A
503 1752 691 1852 Simonis,
711 1785 756 1836 ex
771 1752 864 1835 libro
882 1757 941 1836 D.
956 1756 991 1835 Ι.
1007 1751 1168 1834 Waller
1185 1749 1357 1861 quondam
1363 1846 1369 1861 Ι
1370 1751 1530 1859 fhcrr'stae
1546 1748 1589 1829 de
1602 1750 1714 1846 Bello,
1733 1780 1825 1834 anno
1850 1780 1900 1837 10

381 1886 383 1891 ’
500 1897 535 1961 et
560 1907 602 1961 11
627 1881 723 1960 Hen.
744 1879 811 1959 IV.
840 1879 938 1958 inter
954 1892 1077 1957 cartas
1095 1873 1405 1984 deHoukeherste,
1434 1872 1525 1955 ibid.
1544 1874 1547 1879 ’

409 2031 471 2111 14.
500 1998 797 2083 Testimonium
826 1997 1066 2081 diversarum
1095 1996 1363 2079 donationum
1389 1994 1485 2078 faet.
1519 1993 1703 2106 [ecclesrae
1732 2013 1772 2079 et
1798 2026 1900 2081 con-

497 2120 637 2206 ventui
667 2125 764 2205 S.S.
793 2121 898 2204 Petri
930 2139 969 2203 et
997 2118 1113 2202 Pauli
1144 2119 1296 2230 salop]
1327 2119 1398 2201 sub
1428 2117 1562 2227 sigillis
1592 2117 1753 2202 Ricardi
1781 2119 1899 2232 episc.

499 2247 686 2329 London.
707 2263 746 2327 et
764 2243 937 2328 Walteri
954 2242 1333 2338 Conestabulatoris,
1354 2259 1397 2352 p.
1424 2242 1512 2351 138.
1653 2339 1657 2345 Ι

350 2392 353 2397 ’
500 2381 527 2417 “
547 2373 628 2450 Hoc
632 2369 814 2480 scriptum
827 2367 1004 2476 originale
1021 2384 1057 2448 et
1070 2366 1345 2476 antiquiffimum
1349 2366 1555 2476 ſsgillatum
1569 2363 1697 2447 duobus
1711 2365 1897 2449 veteribus

499 2492 668 2601 “figillis
698 2509 733 2572 et
762 2490 898 2602 miffiem
926 2490 978 2571 ad
999 2489 1207 2571 Mattheum
1225 2493 1403 2572 cantuar.
1427 2507 1499 2598 per
1522 2489 1699 2572 dominum
1727 2485 1898 2573 Thomam

500 2625 525 2660 “
547 2613 649 2726 episc.
671 2615 797 2707 Litch.
817 2634 852 2696 et
870 2617 956 2696 cov.
984 2642 1031 2694 10
1049 2612 1196 2694 Martii
1221 2614 1363 2721 1566.”

405 2768 466 2849 15.
497 2736 644 2819 Itinera
664 2735 881 2818 Britannice
900 2763 948 2818 ex
969 2733 1198 2830 Antonino,
1221 2753 1263 2845 p.
1291 2763 1379 2842 140.

352 2908 358 2920 ·
403 2865 465 2944 16.
495 2858 791 2941 Annotationes
817 2858 969 2941 ineam
994 2875 1150 2968 partem
1175 2855 1368 2939 itinerarii
1389 2855 1591 2939 Antonini
1617 2885 1707 2968 quoe
1735 2863 1785 2945 ad
1803 2860 1896 2944 Bri-

492 2982 676 3065 tanniam
696 2980 868 3092 pertinet
886 3009 934 3064 ex
955 2977 1193 3086 coniediuris
1213 2977 1380 3062 Roberti
1400 2984 1439 3061 T
1442 2980 1578 3078 albot,
1587 2999 1630 3091 p.
1657 3010 1747 3092 145·
1887 3000 1890 3009 '

401 3133 463 3218 17.
493 3105 614 3188 Gesta
632 3104 846 3187 Britonum
867 3132 890 3187 a
912 3103 1033 3186 Gilda
1050 3102 1223 3214 sapiente
1241 3101 1472 3215 compofita,
1495 3123 1537 3214 p.
1565 3108 1653 3213 169.

271 3291 280 3308 .
400 3231 462 3315 18.
492 3234 738 3340 Excerptum
769 3257 816 3311 ex
848 3227 1038 3310 chronico
1065 3231 1117 3309 G.
1140 3225 1445 3324 Coventriensrs,
1473 3227 1584 3335 quod
1608 3227 1810 3310 Henricus
1838 3233 1892 3313 II.

490 3350 637 3434 veritus
662 3380 712 3433 ne
737 3379 859 3459 regna
879 3352 950 3434 sub
975 3348 1255 3434 interdidiione
1280 3366 1538 3462 ponerentur,
1564 3351 1753 3462 praecepit
1776 3351 1892 3459 justi-

448 3540 451 3548 .
492 3472 621 3556 ciariis
640 3490 680 3555 et
705 3471 860 3555 ballivis
880 3471 972 3568 suis,
997 3500 1049 3554 ne
1074 3472 1229 3556 aditum
1248 3472 1406 3555 cuidam
1427 3471 1570 3554 clerico
1594 3475 1656 3555 vel
1682 3473 1894 3585 peregrino

492 3597 631 3678 darent
650 3594 722 3677 nifi
740 3594 851 3706 prius
873 3612 1033 3706 accepta
1052 3593 1258 3678 securitate
1276 3597 1387 3706 quod
1405 3597 1567 3682 nullum
1589 3597 1786 3680 damnum
1808 3596 1894 3709 regi

491 3718 553 3798 vel
574 3744 696 3827 tegno
714 3738 908 3829 quereret,
930 3723 979 3800 A.
996 3722 1050 3800 Ι).
1074 3745 1192 3830 1171,
1212 3737 1257 3831 p.
1282 3719 1371 3800 186.

401 3830 463 3953 19.
494 3844 740 3953 Excerptum
764 3868 813 3923 ex
838 3847 877 3924 T
880 3842 1009 3947 homa
1026 3841 1305 3951 Walsmgham
1331 3840 1376 3925 in
1397 3843 1667 3953 Ypodigmate
1692 3842 1891 3928 Neustriae

493 3991 603 4046 anno
638 3994 744 4074 1394
772 3965 821 4046 de
853 3991 1022 4046 numero
1054 3964 1379 4075 Hybemicorum
1414 3965 1485 4075 qui
1518 3966 1648 4077 patria
1677 3966 1813 4050 relidta
1846 3966 1893 4050 in

493 4085 684 4196 Angliam
715 4107 924 4188 venerunt,
954 4087 1012 4170 ita
1041 4104 1089 4169 ut
1115 4086 1218 4172 nihil
1243 4087 1336 4171 inde
1364 4088 1563 4200 percipere
1587 4090 1724 4201 potuit
1749 4089 1890 4201 regalis

492 4208 622 4309 fiscus,
644 4230 687 4321 p.
715 4213 759 4292 18
794 4275 803 4294 .

397 4363 462 4419 20.
493 4337 692 4447 Excerpta
710 4241 942 4419 ex7historia
961 4331 1178 4417 Hibemica
1200 4333 1368 4417 Gerardi
1387 4331 1636 4419 Cambrenfis
1655 4335 1809 4447 dejure
1829 4364 1891 4419 rc·-

492 4484 591 4565 gum
610 4457 768 4566 Angliae
788 4459 832 4543 in
852 4455 1092 4541 Hiberniam
1112 4473 1151 4540 et
1171 4459 1220 4541 de
1244 4456 1460 4571 privilegiis
1479 4457 1534 4542 eis
1554 4458 1737 4542 conectis
1763 4487 1787 4543 a
1805 4459 1892 4543 sede

492 4579 719 4690 apostolica,
741 4602 785 4694 p.
810 4581 898 4664 188.
988 4622 989 4626 ¹

1710 4735 1775 4789 21.
1805 4708 1892 4788 Ex-

397 4997 811 5087 15.]Wdeccc1.xx1x.
829 5023 862 5092 7.

397 5093 468 5180 so]
484 5097 602 5163 sors.

397 5191 463 5283 17.]
480 5189 780 5266 Vrocccexru.
865 5256 868 5261 ,
