4214 5910
305 650 406 768 408
908 644 1291 744 ccccxtvn.

355 834 469 917 Codex
487 833 594 917 initio
612 833 811 936 mutilatus,
833 835 963 947 prime
981 837 1075 921 enim
1093 839 1167 917 odo
1178 835 1283 948 folia
1290 834 1375 947 stne
1392 838 1559 948 temporis
1566 838 1653 948 five
1670 838 1845 923 hominm

299 955 442 1065 injuria
458 959 529 1040 vix
541 956 706 1068 prebent
722 958 915 1043 literarum
931 952 1145 1071 impersedia
1161 955 1325 1071 quadam
1342 958 1508 1070 vestigia.

786 1148 1357 1305 'ccccxcvnt-

354 1365 469 1448 Codex
486 1356 769 1445 membranaceus'
785 1361 827 1442 in
845 1358 896 1465 4²⁰
912 1360 1057 1459 minori,
1078 1363 1119 1443 in
1137 1391 1202 1472 quo
1220 1360 1457 1459 continentur,

688 1485 714 1537 ⁴*
768 1484 887 1565 literis
906 1484 1093 1566 Saxonicis
1110 1482 1359 1593 vetustioribus
1415 1483 1441 1538 ⁴

361 1637 395 1692 1.
424 1604 731 1719 Epigrammata
750 1602 928 1715 Prosperi
947 1602 1021 1687 viri
1040 1604 1287 1689 eruditiffimi
1305 1600 1524 1715 Augustini
1543 1604 1747 1691 deflorata.

518 1798 523 1805 .
820 1728 846 1783 ⁴⁵
899 1726 1038 1818 libellus,
1055 1726 1235 1839 impreffies
1290 1730 1316 1782 ⁴*

355 1879 393 1934 2.
423 1847 587 1961 Prosper
613 1850 675 1934 his
697 1847 934 1932 meditation
953 1848 1054 1931 with
1072 1847 1135 1934 his
1156 1847 1263 1949 wife,
1292 1877 1333 1932 as
1357 1848 1390 1933 it
1409 1847 1443 1934 is
1464 1849 1694 1935 advouched
1722 1851 1775 1962 by
1791 1878 1841 1936 an

421 1973 611 2057 auncient
638 1972 798 2055 written
826 1968 940 2083 copie
966 1969 1012 2055 in
1040 1972 1130 2056 olde
1156 1976 1289 2056 Saron
1313 1971 1516 2074 caresters,
1548 1974 1679 2057 where
1706 2000 1749 2056 as
1777 1973 1841 2056 the

422 2094 581 2207 printed
602 2094 734 2178 works
762 2094 862 2207 have
889 2092 1112 2176 dissembled
1132 2094 1201 2177 the
1220 2093 1338 2191 same,
1367 2096 1498 2206 newly
1516 2094 1728 2179 transsated
1756 2094 1840 2180 into

323 2320 326 2325 .
422 2216 622 2329 Englyshe
639 2213 755 2313 verse,
775 2214 934 2328 printed
952 2215 1164 2325 according
1182 2232 1225 2297 to
1243 2218 1359 2300 order
1378 2218 1431 2327 by
1446 2216 1623 2301 Richard
1637 2216 1837 2302 Watkins.

433 2440 438 2449 ι
589 2418 592 2422 A
733 2340 759 2393 ⁴*
814 2337 933 2420 literis
952 2338 1137 2419 Saxonicis
1155 2336 1321 2449 utfiepra
1378 2341 1404 2396 ⁴⁵

355 2492 394 2576 3.
425 2458 644 2573 Synonima
665 2455 800 2542 Isidori
821 2457 1061 2569 Hispalensis
1082 2457 1192 2541 urbis
1210 2459 1396 2572 episcopi.

344 2684 349 2696 Ι
713 2585 739 2636 ⁴*
795 2587 980 2665 caraiiere
996 2583 1135 2665 Latino
1154 2583 1341 2697 vetustiori
1397 2587 1421 2639 *

351 2736 392 2814 4.
421 2704 565 2789 Versus
586 2703 754 2815 Sybillae.
1016 2722 1021 2727 '
1065 2724 1068 2728 ’

354 2856 392 2938 5.
423 2833 485 2912 De
503 2826 676 2911 trimoda
695 2823 819 2927 leonis
841 2840 999 2935 natura.

352 2957 392 3035 6.
422 2948 557 3032 sancti
577 2947 790 3058 Augustini
811 2947 975 3031 salubris
995 2945 1232 3031 admonitio.
1259 3012 1263 3019 .
1358 3005 1361 3011 -

213 3154 216 3159 .
253 3138 256 3147 .
350 3103 391 3186 7.
419 3069 626 3156 Terribilis
647 3072 698 3152 ad
717 3069 959 3179 negligentes
980 3067 1165 3153 invedtio.

349 3197 387 3278 8.
417 3192 559 3277 Versus
565 3195 634 3304 stu
652 3191 793 3304 hymni
810 3193 1015 3276 Prudentii
1030 3198 1077 3275 de
1095 3191 1258 3277 historia
1277 3189 1415 3274 veteris
1432 3206 1470 3273 et
1489 3187 1583 3273 novi
1602 3191 1832 3275 testamenti.

351 3349 389 3430 9.
419 3315 789 3431 Septemmiracula
809 3314 963 3426 mundi.
1702 3308 1703 3311 ‘

835 3543 1290 3661 CCCCXLIX.
1314 3523 1318 3529 ⁵

347 3722 461 3803 Codex
479 3721 761 3801 membranaceus
779 3720 820 3798 in
839 3719 889 3823 4²⁰
908 3720 1052 3817 minori,
1076 3721 1218 3828 partim
1242 3717 1378 3799 recenti
1398 3717 1542 3828 partim
1564 3716 1704 3824 vetusta
1730 3747 1833 3798 manu

240 3906 245 3916 .
278 3843 455 3957 scriptus,
474 3845 514 3924 in
534 3872 569 3923 eo
588 3862 707 3925 autem
727 3843 974 3937 continentur,

346 3964 503 4049 AElsrici
521 3963 782 4072 grammatica
786 3967 871 4074 five
888 3979 1069 4074 excerpta
1088 3990 1136 4044 ex
1158 3965 1334 4045 Donato.

259 4082 262 4087 ’
343 4087 453 4198 Cujus
473 4106 585 4200 parte
601 4086 727 4196 priori
744 4090 847 4201 usque
863 4085 915 4170 ad
929 4085 1124 4195 capitulum
1142 4087 1184 4167 de
1200 4088 1293 4198 caste,
1323 4084 1405 4195 caste
1421 4081 1567 4196 quodam
1586 4101 1626 4166 ut
1644 4086 1703 4165 ita
1719 4087 1834 4168 dicam

287 4213 487 4322 irfi’liciter
503 4210 700 4321 deperdita,
727 4209 829 4291 illam
845 4209 1024 4318 eleganter
1033 4208 1200 4322 suppleri
1209 4205 1314 4316 juffit
1330 4205 1630 4314 reverendiffimus
1647 4210 1833 4290 Matthem

285 4300 447 4416 i’arker.

1500 4455 1692 4533 CCCCL.
1722 4451 1833 4534 Codex

290 4666 1821 4713 ---r--—--—-———--—-·-—---——

343 4801 639 4886 ccccxevrn.]
656 4800 718 4870 ree.
737 4802 803 4868 cat.
819 4799 866 4866 n.
884 4821 936 4889 33.
953 4766 1050 4870 mss.
1062 4796 1148 4883 Ange.
1169 4817 1369 4886 ¹472-195·

343 4921 392 5007 3.]
409 4920 479 4988 Vide
496 4920 606 4985 xxu.
625 4942 655 5007 3.

341 5032 605 5118 CCCCXLIX.]
622 5037 685 5104 Ver.
701 5036 767 5102 Cet.
784 5032 831 5101 N.
852 5054 902 5119 ¹9·
920 5029 1017 5099 MSS.
1031 5032 1116 5116 Aegl.
1137 5029 1326 5118 1467··190.
