4214 5910
276 702 303 798 3
313 702 377 798 50
496 662 499 675 ’
915 619 1234 770 CCCXXXI.

333 882 396 936 11.
424 836 562 938 semia
576 842 735 935 Eusebii
750 850 941 939 Emilleni
960 859 1008 938 de
1023 853 1195 968 corpore
1209 872 1249 940 et
1264 840 1456 968 sanguine
1471 855 1656 958 Domini,
1669 876 1714 973 p
1726 844 1818 972 348.

333 1003 395 1058 12.
424 975 602 1086 Epistola
622 976 847 1058 Leodienfis
869 977 1054 1090 episcopi,
1080 997 1120 1086 p.
1136 1009 1156 1089 3
1165 1007 1230 1089 53.
1513 1006 1516 1011 ’

334 1125 395 1205 13·
426 1096 560 1178 Brevis
581 1095 775 1179 traiiatus
796 1099 844 1179 de
863 1098 1113 1199 eucharistia,
1135 1120 1178 1209 p.
1193 1130 1214 1212 3
1216 1127 1244 1239 3
1250 1127 1287 1211 5.

333 1217 609 1334 14.‚Qaliter
637 1215 819 1313 Christus
845 1217 888 1299 in
918 1217 1166 1303 sacramento
1193 1218 1433 1305 eucharistiae
1460 1221 1507 1306 sst
1530 1223 1672 1308 devote
1704 1218 1817 1307 susci-

423 1332 594 1449 piendus
615 1366 638 1421 a
657 1337 838 1448 quolibet
857 1338 1088 1437 christiano,
1108 1359 1151 1451 p.
1166 1371 1185 1450 3
1195 1343 1261 1451 58.

331 1487 393 1571 15.
423 1459 627 1544 Gennadii
647 1459 878 1552 Maffilenfis
899 1465 1104 1575 catalogus
1125 1465 1173 1547 de
1192 1463 1286 1551 viris
1306 1462 1543 1563 illustribus,
1566 1482 1607 1577 p.
1621 1452 1716 1575 368.

331 1586 395 1666 16.
424 1581 562 1664 Isidori
582 1581 822 1694 Hispalensis
843 1586 1049 1693 catalogus
1070 1586 1118 1666 de
1136 1582 1233 1668 viris
1253 1584 1488 1696 illustribus,
1512 1603 1554 1696 p.
1570 1585 1662 1691 380.

332 1730 393 1814 17.
423 1702 1814 1819 Trahiatusdevitaetmortesanliorumutriusquetestamenti,p.395.

423 1829 490 1906 Eu
507 1823 644 1920 verbis,
665 1853 746 1934 qun
759 1825 800 1906 in
803 1826 937 1933 fronte
954 1825 1059 1935 hujus
1077 1820 1262 1910 trahlatus
1274 1846 1482 1930 occurrunt,
1496 1845 1693 1938 perperam
1711 1828 1816 1908 intel·

423 1945 538 2045 leuis,
561 1950 679 2055 Orosto
698 1948 926 2033 attribuitur
943 1968 979 2033 et
999 1952 1041 2033 in
1060 1952 1181 2036 indice
1198 1952 1304 2061 hujm
1323 1952 1455 2035 codicis
1474 1970 1510 2033 et
1529 1981 1554 2031 a
1574 1951 1632 2031 Cl.
1649 1951 1818 2056 Stanley:

411 2115 480 2155 ,-
499 2067 616 2149 verba
629 2070 848 2175 *autemhaec
861 2070 965 2177 stent,
997 2083 1026 2120 “
1045 2075 1164 2178 Oresta
1184 2071 1331 2181 lJ'odori
1341 2071 1533 2182 salutes.·”
1562 2073 1715 2153 multum
1730 2071 1819 2183 fiam

265 2246 268 2251 -
423 2189 669 2273 hallucinatus
692 2192 740 2299 est
752 2191 898 2299 scriba,
929 2223 973 2273 ea
990 2213 1111 2275 tamen
1126 2197 1185 2300 sic
1202 2194 1264 2304 effe
1291 2196 1450 2303 legenda,
1482 2205 1509 2240 “
1531 2195 1651 2301 Oresta
1670 2194 1819 2298 Ifidorus

423 2314 655 2422 “salutem''
668 2314 771 2421 satis
797 2315 924 2425 liquet,
953 2333 990 2397 et
1008 2314 1166 2425 proinde
1182 2332 1266 2425 opus
1291 2347 1361 2398 non
1380 2317 1498 2420 Orosto
1511 2308 1586 2425 fid
1599 2311 1732 2424 Ifidaro
1759 2315 1818 2426 effe

378 2490 380 2495 «
419 2432 705 2516 attribuendum.
790 2434 793 2441 ’
1231 2428 1233 2433 ’

327 2553 389 2638 18.
420 2553 684 2637 Hieronimus
705 2555 754 2636 ad
775 2554 946 2664 virgines
967 2558 1016 2638 de
1034 2554 1287 2640 continentia
1305 2554 1506 2668 virginali,
1529 2574 1573 2666 p.
1584 2554 1681 2664 408.

328 2705 391 2783 19.
420 2677 531 2758 Idem
553 2676 602 2756 ad
622 2677 816 2757 Celanam
837 2705 921 2786 quo
938 2676 1039 2784 juste
1059 2695 1099 2760 et
1117 2678 1218 2761 caste
1237 2676 1358 2775 vivat,
1381 2695 1425 2789 p.
1439 2701 1535 2781 421.

325 2821 392 2878 20.
420 2792 589 2904 Egidius
611 2795 865 2905 [Romanus]
886 2797 935 2879 de
954 2796 1201 2879 sacramento
1221 2796 1371 2897 altaris,
1393 2817 1498 2908 p.43
1507 2825 1544 2907 3.

324 2943 389 2999 21.
418 2914 619 2997 Iohannes
640 2914 889 3025 Tallyngton
910 2917 959 2996 de
977 2915 1224 2998 sacramento
1245 2915 1394 3014 altaris,
1417 2936 1459 3027 p.
1476 2918 1525 3026 58
1532 2943 1568 3023 3.

420 3039 491 3125 Ad
490 3041 620 3149 finem,
654 3052 680 3085 “
700 3039 876 3149 Explicit
893 3039 1046 3148 cosfifflo
1065 3039 1234 3150 magistri
1252 3056 1288 3121 et
1293 3041 1445 3148 fratris
1462 3039 1635 3122 Iohannis
1649 3034 1689 3119 T
1682 3035 1819 3148 affing-

423 3174 449 3208 “
469 3182 529 3244 ton
548 3164 591 3244 de
609 3160 733 3243 ordine
752 3163 943 3262 minorum,
972 3180 1007 3242 et
1023 3163 1150 3272 sacrae
1168 3161 1350 3270 theologia
1369 3161 1535 3256 dohloris,
1564 3190 1671 3272 quam
1690 3159 1816 3253 edidit,

421 3295 449 3330 “
470 3304 505 3364 et
523 3285 565 3364 iu
571 3281 705 3393 scholis
710 3283 892 3390 fratrum
909 3283 1088 3364 minorum
1106 3281 1263 3364 Oxoniis
1280 3282 1549 3364 determinando
1562 3282 1818 3391 promulgavit

391 3406 451 3502 'f‘
472 3404 526 3485 ad
556 3403 834 3485 declarationem
867 3420 903 3484 et
935 3404 1162 3511 deserfionem
1184 3402 1282 3513 fidei
1314 3402 1491 3519 ortodoxae
1522 3402 1565 3483 de
1589 3403 1819 3512 stecramento

424 3537 450 3573 “
471 3526 620 3622 altaris,
640 3555 720 3638 qua
733 3527 948 3636 perseh'lam
966 3528 1296 3636 Berangariorum,
1311 3544 1425 3634 prout
1433 3532 1552 3635 strmo
1572 3524 1765 3620 recitavit,
1785 3541 1819 3604 et

426 3657 453 3692 “
460 3647 549 3753 jam
567 3648 664 3728 omni
681 3649 773 3729 clero
792 3651 908 3728 Onon.
928 3647 1101 3728 catholieo
1121 3647 1294 3743 innotuit,
1319 3645 1516 3754 periculofie
1533 3647 1725 3743 extiterat,
1754 3674 1820 3726 nou

427 3777 454 3813 “
473 3770 695 3851 nulloritate
711 3768 781 3872 sed
806 3766 1035 3874 loquacitate,
1071 3797 1139 3849 non
1170 3767 1397 3876 argumentis
1425 3766 1490 3848 vel
1518 3767 1740 3848 concionibus
1755 3763 1826 3870 ſsd

425 3900 453 3935 “
466 3893 697 3998 promptuosts
731 3888 978 3999 offertionihus
1016 3889 1241 3999 blasphemiae
1274 3888 1503 3998 impugnata,
1543 3917 1636 3970 anno
1667 3886 1822 3969 Domini

422 4021 449 4058 “
469 4012 645 4115 millefimo
667 4033 754 4092 ccc
776 4011 972 4119 otlogefimo
986 4012 1122 4121 prima.
1156 4046 1159 4061 ²

330 4158 395 4214 22.
425 4135 487 4214 De
507 4132 618 4242 penis
639 4150 677 4214 et
697 4131 838 4242 culpis,
862 4149 904 4239 p.
919 4133 1012 4240 613.

823 4349 1267 4466 CCCXXXH.

331 4514 449 4596 Codex
468 4513 755 4596 membranaceus
774 4512 816 4592 in
836 4515 904 4616 4‘0,
913 4509 1032 4619 ftculo
1050 4511 1111 4590 xii
1115 4511 1295 4620 scriptus,
1317 4513 1358 4590 in
1377 4537 1443 4619 quo
1462 4507 1705 4603 continentur,
1775 4492 1777 4497 ¹

1621 4655 1655 4710 1.
1685 4631 1823 4710 Sermo

337 4944 403 5025 12.]
420 4946 488 5014 Vide
504 4944 589 5025 supra
608 4965 638 5024 4.

335 5052 401 5136 17.]
419 5054 487 5121 Vide
501 5050 754 5119 CCCXXXIX.
775 5076 803 5140 3.
821 5051 1069 5119 CCCCLXXI.
1090 5075 1117 5118 1.

331 5169 586 5254 cccxxx11.]
604 5174 665 5242 Vct.
685 5171 749 5238 Cut.
766 5174 825 5237 W.
847 5193 871 5239 1.
890 5175 985 5242 MSS.
1000 5173 1083 5253 ungi.
1106 5172 1323 5258 1567-300..
