4214 5910
371 657 397 750 8
1105 645 1215 742 XV.

363 844 447 925 nino
465 844 642 953 congruit,
672 870 734 923 nec
751 839 856 922 valde
873 839 919 920 ab
936 866 978 918 ea
997 836 1196 947 discrepat3
1225 833 1337 915 aliter
1353 833 1399 916 ab
1416 834 1673 946 exemplaribus
1699 837 1911 920 recentiori·

363 967 427 1049 bus
443 966 641 1063 dividitor,
663 984 697 1047 et
716 959 1198 1076 quossionessapssriaefiont
1215 957 1379 1069 diversa.

822 1211 1000 1330 XVI.
1036 1195 1189 1328 Vide
1216 1197 1459 1327 XXVI.

1030 1463 1240 1578 XVII.

422 1638 534 1719 Codex
550 1633 832 1718 membranaceus
850 1630 1004 1741 infolio,
1011 1628 1129 1740 seculo
1145 1626 1205 1707 xii
1222 1643 1407 1721 exaratus,
1427 1655 1492 1736 quo
1508 1628 1751 1724 continentur,'

425 1779 460 1835 1.
489 1756 699 1834 Sermones
711 1750 883 1832 CXXIV
899 1741 1139 1855 [Augustini
1153 1742 1446 1856 Hipponensis]
1464 1743 1507 1825 in
1519 1743 1771 1856 evangelium
1785 1743 1911 1831 saniii

489 1872 697 1958 Iohannis.

419 2022 459 2081 2.
488 1997 676 2108 Epistolae
699 1994 911 2105 [ejusdem]
932 1995 981 2077 ad
1003 1994 1255 2076 Dardanum.

418 2145 459 2227 3.
487 2118 626 2204 Sermo
645 2123 689 2201 B.
710 2114 985 2228 chrysostomi
1000 2115 1044 2198 in
1067 2116 1289 2198 Parasceve:

1012 2360 1251 2476 XVIII.

417 2529 531 2610 Codex
550 2530 754 2609 chartaceus
773 2528 865 2641 typis
882 2526 1060 2637 impreffies
1077 2526 1118 2606 in
1122 2527 1233 2635 folco,

416 2646 633 2757 Scriptores
654 2643 826 2727 historiae
843 2640 1004 2755 Angliae
1021 2642 1110 2754 post
1130 2643 1294 2739 Bedam,
1314 2640 1347 2721 F
1349 2637 1574 2724 rancofurti
1598 2642 1715 2725 1601.

1037 2887 1219 3004 XIX.

413 3054 528 3138 Codex
545 3055 828 3138 membranaceus
842 3055 997 3164 infolio,
1006 3053 1125 3167 siculo
1141 3055 1201 3135 xii
1219 3070 1403 3147 exaratos,
1426 3053 1622 3151 continens,

413 3176 585 3258 Decreta
603 3175 738 3255 lvonis
759 3170 1016 3255 Carnotensrs
1034 3169 1077 3253 in
1098 3187 1230 3280 partes
1252 3168 1332 3253 xvii
1352 3165 1578 3250 distributa.

413 3295 484 3374 Ad
484 3295 652 3401 frontem
671 3295 776 3402 hujus
795 3294 926 3375 codicis
943 3292 1111 3388 habetur,
1130 3293 1338 3401 catalogus
1357 3288 1599 3401 pontificum
1621 3291 1906 3381 Romanorum

353 3443 382 3496 a
403 3413 657 3495 Benediiiol
691 3419 740 3495 ad
761 3414 998 3496 Honorium
1018 3417 1072 3510 II,
1107 3430 1148 3496 et
1171 3413 1437 3495 continuatus
1459 3440 1571 3493 manu
1597 3415 1707 3521 paulo
1725 3419 1906 3500 neoterica

354 3536 409 3616 ad
428 3531 663 3615 Honorium
683 3537 756 3616 III.

412 3655 483 3737 Ad
497 3655 627 3734 calcem
645 3686 746 3752 vero,

418 3804 454 3859 ¹1.
481 3777 662 3888 Epistola
682 3775 876 3860 Iohannis
897 3773 1069 3886 episcopi
1093 3780 1143 3860 ad
1159 3777 1397 3862 Anselmum
1418 3776 1702 3863 Lemonecinae
1722 3780 1902 3879 echefiae,

479 3900 591 4008 quod
617 3896 740 3981 laicus
764 3898 836 4009 qui
859 3897 991 3980 filium
1017 3895 1061 3978 in
1086 3901 1256 3986 articulo
1283 3901 1425 3986 mortis
1451 3898 1726 4013 baptizaverit,
1759 3931 1783 3986 a
1805 3930 1904 3986 con-

478 4019 571 4127 juge
589 4018 655 4100 sua
672 4016 841 4130 separari
859 4047 944 4100 non
964 4018 1093 4100 debet.

412 4170 449 4224 2.
481 4142 678 4250 Qaedam
697 4138 1003 4224 constitutiones
1018 4142 1205 4250 Eugenii,
1228 4144 1388 4230 Urbani
1403 4146 1455 4241 11,
1477 4140 1675 4228 Paschalis
1692 4146 1745 4240 11,
1765 4162 1806 4226 et
1825 4146 1904 4229 Ca-

482 4261 571 4345 Iixti
590 4265 643 4349 Π.

1676 4417 1714 4495 3.
1747 4390 1903 4468 Statura

414 4686 543 4767 XVII]
562 4688 625 4755 Ver.
644 4688 708 4750 Car.
726 4687 766 4754 L.
784 4710 813 4772 5.
833 4691 918 4772 Aegl.
936 4691 1033 4757 MSS.
1054 4691 1254 4779 1403-126.

416 4784 463 4867 1.]
480 4785 548 4851 Vide
562 4781 776 4847 CCCXLIV.
795 4805 847 4870 23.

415 4880 465 4960 2.]
482 4878 550 4943 Vide
566 4876 768 4942 CCCXXII.
789 4901 816 4944 1.

412 4973 559 5062 XVIII]
576 4971 636 5042 Vct.
656 4978 722 5040 Cor.
739 4973 783 5038 I).
805 4993 853 5042 10.

411 5067 606 5154 XIX.]'Vet.
624 5074 691 5137 Cot.
710 5067 785 5136 Sub.
802 5069 848 5138 D.
867 5071 896 5138 8.
913 5073 1009 5142 MSS.
1027 5075 1112 5159 Argi.
1134 5071 1332 5162 1636-369.
