<?xml version="1.0" encoding="UTF-8"?>
<!DOCTYPE html PUBLIC "-//W3C//DTD XHTML 1.0 Transitional//EN"
    "http://www.w3.org/TR/xhtml1/DTD/xhtml1-transitional.dtd">
<html xmlns="http://www.w3.org/1999/xhtml" xml:lang="en" lang="en">
 <head>
  <title>
</title>
<meta http-equiv="Content-Type" content="text/html;charset=utf-8" />
  <meta name='ocr-system' content='tesseract 3.04.00' />
  <meta name='ocr-capabilities' content='ocr_page ocr_carea ocr_par ocr_line ocrx_word'/>
</head>
<body>
  <div class='ocr_page' id='page_1' title='image "./cataloguslibror00librgoog_0276.png"; bbox 0 0 4244 5910; ppageno 0'>
   <div class='ocr_carea' id='block_1_1' title="bbox 1725 564 1830 706">
    <p class='ocr_par' dir='ltr' id='par_1_1' title="bbox 1725 564 1830 706">
     <span class='ocr_line' id='line_1_1' title="bbox 1725 564 1830 706; baseline -0.01 -32"><span class='ocrx_word' id='word_1_1' title='bbox 1725 564 1830 706; x_wconf 75' lang='lat'>&#39;265</span> 
     </span>
    </p>
   </div>
   <div class='ocr_carea' id='block_1_2' title="bbox 839 810 1262 931">
    <p class='ocr_par' dir='ltr' id='par_1_2' title="bbox 839 810 1262 931">
     <span class='ocr_line' id='line_1_2' title="bbox 839 810 1262 931; baseline -0.007 -1"><span class='ocrx_word' id='word_1_2' title='bbox 839 810 1262 931; x_wconf 88' lang='lat' dir='ltr'>CLXXXIX.</span> 
     </span>
    </p>
   </div>
   <div class='ocr_carea' id='block_1_3' title="bbox 336 974 1951 4734">
    <p class='ocr_par' dir='ltr' id='par_1_3' title="bbox 339 974 1720 1095">
     <span class='ocr_line' id='line_1_3' title="bbox 339 974 1720 1095; baseline -0.009 -22"><span class='ocrx_word' id='word_1_3' title='bbox 339 988 455 1072; x_wconf 83' lang='lat' dir='ltr'><em>Codex</em></span> <span class='ocrx_word' id='word_1_4' title='bbox 470 980 752 1065; x_wconf 79' lang='lat' dir='ltr'>membranaceus</span> <span class='ocrx_word' id='word_1_5' title='bbox 770 979 925 1089; x_wconf 84' lang='lat' dir='ltr'>infolio,</span> <span class='ocrx_word' id='word_1_6' title='bbox 934 980 1052 1095; x_wconf 82' lang='lat' dir='ltr'>seculo</span> <span class='ocrx_word' id='word_1_7' title='bbox 1069 974 1321 1088; x_wconf 66' lang='lat' dir='ltr'>xivscrtptus,</span> <span class='ocrx_word' id='word_1_8' title='bbox 1340 974 1462 1085; x_wconf 82' lang='lat' dir='ltr'>inquo</span> <span class='ocrx_word' id='word_1_9' title='bbox 1481 976 1720 1078; x_wconf 77' lang='lat' dir='ltr'>continentur,</span> 
     </span>
    </p>

    <p class='ocr_par' dir='ltr' id='par_1_4' title="bbox 345 1090 1829 1335">
     <span class='ocr_line' id='line_1_4' title="bbox 345 1090 1829 1213; baseline -0.001 -21"><span class='ocrx_word' id='word_1_10' title='bbox 345 1135 380 1192; x_wconf 75' lang='lat'>1:</span> <span class='ocrx_word' id='word_1_11' title='bbox 409 1104 599 1189; x_wconf 89' lang='lat' dir='ltr'>Custodes</span> <span class='ocrx_word' id='word_1_12' title='bbox 628 1096 836 1213; x_wconf 85' lang='lat' dir='ltr'>p&#39;rolorum</span> <span class='ocrx_word' id='word_1_13' title='bbox 863 1100 979 1211; x_wconf 87' lang='lat' dir='ltr'>super</span> <span class='ocrx_word' id='word_1_14' title='bbox 1005 1098 1141 1183; x_wconf 85' lang='lat' dir='ltr'>coster.</span> <span class='ocrx_word' id='word_1_15' title='bbox 1166 1098 1287 1181; x_wconf 90' lang='lat' dir='ltr'>maris</span> <span class='ocrx_word' id='word_1_16' title='bbox 1316 1090 1360 1178; x_wconf 87' lang='lat' dir='ltr'>in</span> <span class='ocrx_word' id='word_1_17' title='bbox 1384 1124 1489 1180; x_wconf 91' lang='lat' dir='ltr'>com.</span> <span class='ocrx_word' id='word_1_18' title='bbox 1511 1102 1636 1183; x_wconf 91' lang='lat' dir='ltr'>Kant.</span> <span class='ocrx_word' id='word_1_19' title='bbox 1658 1131 1744 1187; x_wconf 84' lang='lat' dir='ltr'>x111</span> <span class='ocrx_word' id='word_1_20' title='bbox 1763 1106 1829 1191; x_wconf 88' lang='lat' dir='ltr'>die</span> 
     </span>
     <span class='ocr_line' id='line_1_5' title="bbox 408 1217 1350 1335; baseline -0.011 -25"><span class='ocrx_word' id='word_1_21' title='bbox 408 1224 579 1335; x_wconf 88' lang='lat' dir='ltr'>Augusti</span> <span class='ocrx_word' id='word_1_22' title='bbox 600 1251 710 1307; x_wconf 90' lang='lat' dir='ltr'>anno</span> <span class='ocrx_word' id='word_1_23' title='bbox 728 1220 829 1333; x_wconf 89' lang='lat' dir='ltr'>regis</span> <span class='ocrx_word' id='word_1_24' title='bbox 850 1221 1034 1304; x_wconf 85' lang='lat' dir='ltr'>Edwardi</span> <span class='ocrx_word' id='word_1_25' title='bbox 1053 1217 1160 1302; x_wconf 90' lang='lat' dir='ltr'>tertii</span> <span class='ocrx_word' id='word_1_26' title='bbox 1179 1217 1350 1301; x_wconf 80' lang='lat' dir='ltr'>xL1111&#39;⁰.</span> 
     </span>
    </p>

    <p class='ocr_par' dir='ltr' id='par_1_5' title="bbox 342 1340 1821 1460">
     <span class='ocr_line' id='line_1_6' title="bbox 342 1340 1821 1460; baseline -0.001 -23"><span class='ocrx_word' id='word_1_27' title='bbox 342 1380 380 1437; x_wconf 86' lang='lat'>2.</span> <span class='ocrx_word' id='word_1_28' title='bbox 409 1344 616 1460; x_wconf 78' lang='lat' dir='ltr'>Expositio</span> <span class='ocrx_word' id='word_1_29' title='bbox 633 1342 838 1453; x_wconf 82' lang='lat' dir='ltr'>cujusdam</span> <span class='ocrx_word' id='word_1_30' title='bbox 855 1344 980 1454; x_wconf 91' lang='lat' dir='ltr'>usagii</span> <span class='ocrx_word' id='word_1_31' title='bbox 997 1343 1041 1427; x_wconf 93' lang='lat' dir='ltr'>in</span> <span class='ocrx_word' id='word_1_32' title='bbox 1058 1369 1163 1424; x_wconf 88' lang='lat' dir='ltr'>com.</span> <span class='ocrx_word' id='word_1_33' title='bbox 1183 1345 1308 1424; x_wconf 92' lang='lat' dir='ltr'>Kant.</span> <span class='ocrx_word' id='word_1_34' title='bbox 1328 1343 1436 1452; x_wconf 92' lang='lat' dir='ltr'>quod</span> <span class='ocrx_word' id='word_1_35' title='bbox 1454 1340 1601 1427; x_wconf 89' lang='lat' dir='ltr'>dicitur</span> <span class='ocrx_word' id='word_1_36' title='bbox 1619 1346 1821 1435; x_wconf 88' lang='lat' dir='ltr'>Gavelate.</span> 
     </span>
    </p>

    <p class='ocr_par' dir='ltr' id='par_1_6' title="bbox 340 1462 1825 1586">
     <span class='ocr_line' id='line_1_7' title="bbox 340 1462 1825 1586; baseline -0.011 -31"><span class='ocrx_word' id='word_1_37' title='bbox 340 1504 379 1586; x_wconf 86' lang='lat'>3.</span> <span class='ocrx_word' id='word_1_38' title='bbox 407 1470 547 1555; x_wconf 75' lang='lat' dir='ltr'>Pensio</span> <span class='ocrx_word' id='word_1_39' title='bbox 565 1466 730 1552; x_wconf 81' lang='lat' dir='ltr'>ecclefiae</span> <span class='ocrx_word' id='word_1_40' title='bbox 748 1468 798 1550; x_wconf 93' lang='lat' dir='ltr'>de</span> <span class='ocrx_word' id='word_1_41' title='bbox 811 1465 1100 1550; x_wconf 86' lang='lat' dir='ltr'>Siberteswalde</span> <span class='ocrx_word' id='word_1_42' title='bbox 1116 1462 1211 1546; x_wconf 89' lang='lat' dir='ltr'>solv.</span> <span class='ocrx_word' id='word_1_43' title='bbox 1228 1491 1298 1576; x_wconf 87' lang='lat' dir='ltr'>per</span> <span class='ocrx_word' id='word_1_44' title='bbox 1316 1462 1516 1546; x_wconf 86' lang='lat' dir='ltr'>abbatiam</span> <span class='ocrx_word' id='word_1_45' title='bbox 1534 1465 1678 1551; x_wconf 74' lang='lat' dir='ltr'>raneae</span> <span class='ocrx_word' id='word_1_46' title='bbox 1695 1475 1825 1557; x_wconf 91' lang='lat' dir='ltr'>Rade.</span> 
     </span>
    </p>

    <p class='ocr_par' dir='ltr' id='par_1_7' title="bbox 466 1590 567 1675">
     <span class='ocr_line' id='line_1_8' title="bbox 466 1590 567 1675; baseline -0.02 0"><span class='ocrx_word' id='word_1_47' title='bbox 466 1590 567 1675; x_wconf 88' lang='lat' dir='ltr'>ndis.</span> 
     </span>
    </p>

    <p class='ocr_par' dir='ltr' id='par_1_8' title="bbox 336 1621 1868 2041">
     <span class='ocr_line' id='line_1_9' title="bbox 336 1621 1868 1822; baseline 0.002 -24"><span class='ocrx_word' id='word_1_48' title='bbox 336 1747 378 1822; x_wconf 78' lang='grc'>4.</span> <span class='ocrx_word' id='word_1_49' title='bbox 407 1621 592 1798; x_wconf 59' lang='lat' dir='ltr'>{inusto</span> <span class='ocrx_word' id='word_1_50' title='bbox 611 1709 797 1796; x_wconf 91' lang='lat' dir='ltr'>omnium</span> <span class='ocrx_word' id='word_1_51' title='bbox 815 1709 1065 1795; x_wconf 83' lang='lat' dir='ltr'>ecclefiarum</span> <span class='ocrx_word' id='word_1_52' title='bbox 1083 1707 1310 1793; x_wconf 87' lang='lat' dir='ltr'>monasterii</span> <span class='ocrx_word' id='word_1_53' title='bbox 1327 1706 1470 1792; x_wconf 70' lang='lat' dir='ltr'>sandiae</span> <span class='ocrx_word' id='word_1_54' title='bbox 1486 1710 1702 1819; x_wconf 87' lang='lat' dir='ltr'>Augustini</span> <span class='ocrx_word' id='word_1_55' title='bbox 1721 1712 1828 1801; x_wconf 75' lang='lat' dir='ltr'>faita</span> <span class='ocrx_word' id='word_1_56' title='bbox 1863 1727 1868 1738; x_wconf 93' lang='lat'><em>&#39;</em></span> 
     </span>
     <span class='ocr_line' id='line_1_10' title="bbox 408 1829 1825 1949; baseline 0.002 -30"><span class='ocrx_word' id='word_1_57' title='bbox 408 1863 479 1949; x_wconf 91' lang='lat' dir='ltr'>per</span> <span class='ocrx_word' id='word_1_58' title='bbox 508 1836 618 1921; x_wconf 84' lang='lat' dir='ltr'>dom.</span> <span class='ocrx_word' id='word_1_59' title='bbox 650 1832 855 1919; x_wconf 82' lang='lat' dir='ltr'>Simonem</span> <span class='ocrx_word' id='word_1_60' title='bbox 887 1834 1151 1942; x_wconf 84' lang='lat' dir='ltr'>Langhamne</span> <span class='ocrx_word' id='word_1_61' title='bbox 1186 1829 1522 1946; x_wconf 86' lang='lat' dir='ltr'>archiepiscopum</span> <span class='ocrx_word' id='word_1_62' title='bbox 1548 1839 1742 1924; x_wconf 88' lang='lat' dir='ltr'>Cantuar.</span> <span class='ocrx_word' id='word_1_63' title='bbox 1778 1840 1825 1922; x_wconf 86' lang='lat'>18</span> 
     </span>
     <span class='ocr_line' id='line_1_11' title="bbox 407 1955 651 2041; baseline -0.012 0"><span class='ocrx_word' id='word_1_64' title='bbox 407 1965 446 2041; x_wconf 89' lang='lat' dir='ltr'>A</span> <span class='ocrx_word' id='word_1_65' title='bbox 475 1984 507 2041; x_wconf 90' lang='lat' dir='ltr'>r.</span> <span class='ocrx_word' id='word_1_66' title='bbox 534 1985 549 2040; x_wconf 92' lang='lat'>1</span> <span class='ocrx_word' id='word_1_67' title='bbox 584 1955 651 2039; x_wconf 88' lang='grc'>68.</span> 
     </span>
    </p>

    <p class='ocr_par' dir='ltr' id='par_1_9' title="bbox 339 1986 1951 2408">
     <span class='ocr_line' id='line_1_12' title="bbox 339 1986 1826 2190; baseline 0.002 -26"><span class='ocrx_word' id='word_1_68' title='bbox 339 2105 378 2190; x_wconf 85' lang='lat'>5.</span> <span class='ocrx_word' id='word_1_69' title='bbox 406 1986 642 2164; x_wconf 67' lang='lat' dir='ltr'>Priotestitio</span> <span class='ocrx_word' id='word_1_70' title='bbox 664 2075 877 2161; x_wconf 89' lang='lat' dir='ltr'>Wilhehni</span> <span class='ocrx_word' id='word_1_71' title='bbox 901 2079 1130 2188; x_wconf 87' lang='lat' dir='ltr'>Courtenay</span> <span class='ocrx_word' id='word_1_72' title='bbox 1156 2072 1435 2189; x_wconf 88' lang='lat' dir='ltr'>archiepiscopi</span> <span class='ocrx_word' id='word_1_73' title='bbox 1461 2080 1654 2163; x_wconf 88' lang='lat' dir='ltr'>Cantuar.</span> <span class='ocrx_word' id='word_1_74' title='bbox 1683 2108 1734 2164; x_wconf 93' lang='lat' dir='ltr'>ne</span> <span class='ocrx_word' id='word_1_75' title='bbox 1760 2081 1826 2167; x_wconf 92' lang='lat' dir='ltr'>in·</span> 
     </span>
     <span class='ocr_line' id='line_1_13' title="bbox 406 2192 1951 2314; baseline 0.003 -29"><span class='ocrx_word' id='word_1_76' title='bbox 406 2200 553 2314; x_wconf 85' lang='lat' dir='ltr'>greffus</span> <span class='ocrx_word' id='word_1_77' title='bbox 584 2199 678 2284; x_wconf 86' lang='lat' dir='ltr'>suus</span> <span class='ocrx_word' id='word_1_78' title='bbox 715 2198 943 2284; x_wconf 88' lang='lat' dir='ltr'>monasterii</span> <span class='ocrx_word' id='word_1_79' title='bbox 980 2197 1195 2313; x_wconf 85' lang='lat' dir='ltr'>privilegiis</span> <span class='ocrx_word' id='word_1_80' title='bbox 1230 2198 1392 2309; x_wconf 86' lang='lat' dir='ltr'>deroget</span> <span class='ocrx_word' id='word_1_81' title='bbox 1426 2199 1486 2282; x_wconf 93' lang='lat' dir='ltr'>vel</span> <span class='ocrx_word' id='word_1_82' title='bbox 1521 2201 1751 2313; x_wconf 78' lang='lat' dir='ltr'>praejudicet</span> <span class='ocrx_word' id='word_1_83' title='bbox 1783 2204 1826 2290; x_wconf 91' lang='lat' dir='ltr'>in</span> <span class='ocrx_word' id='word_1_84' title='bbox 1947 2192 1951 2200; x_wconf 43' lang='lat'><strong><em>⁴</em></strong></span> 
     </span>
     <span class='ocr_line' id='line_1_14' title="bbox 407 2326 609 2408; baseline -0.01 0"><span class='ocrx_word' id='word_1_85' title='bbox 407 2326 609 2408; x_wconf 85' lang='lat' dir='ltr'>futurum.</span> 
     </span>
    </p>

    <p class='ocr_par' dir='ltr' id='par_1_10' title="bbox 337 2440 1637 2555">
     <span class='ocr_line' id='line_1_15' title="bbox 337 2440 1637 2555; baseline 0 -26"><span class='ocrx_word' id='word_1_86' title='bbox 337 2450 377 2531; x_wconf 89' lang='grc'>6.</span> <span class='ocrx_word' id='word_1_87' title='bbox 406 2440 681 2553; x_wconf 88' lang='lat' dir='ltr'>Chronologia</span> <span class='ocrx_word' id='word_1_88' title='bbox 699 2444 884 2553; x_wconf 84' lang='lat' dir='ltr'>quaedam</span> <span class='ocrx_word' id='word_1_89' title='bbox 904 2443 955 2526; x_wconf 91' lang='lat' dir='ltr'>ab</span> <span class='ocrx_word' id='word_1_90' title='bbox 974 2441 1070 2525; x_wconf 89' lang='lat' dir='ltr'>orbe</span> <span class='ocrx_word' id='word_1_91' title='bbox 1087 2441 1252 2527; x_wconf 88' lang='lat' dir='ltr'>condito</span> <span class='ocrx_word' id='word_1_92' title='bbox 1271 2442 1321 2524; x_wconf 91' lang='lat' dir='ltr'>ad</span> <span class='ocrx_word' id='word_1_93' title='bbox 1340 2470 1495 2526; x_wconf 89' lang='lat' dir='ltr'>annum</span> <span class='ocrx_word' id='word_1_94' title='bbox 1520 2445 1637 2555; x_wconf 82' lang='lat'>1378.</span> 
     </span>
    </p>

    <p class='ocr_par' dir='ltr' id='par_1_11' title="bbox 336 2561 1821 2679">
     <span class='ocr_line' id='line_1_16' title="bbox 336 2561 1821 2679; baseline 0.003 -29"><span class='ocrx_word' id='word_1_95' title='bbox 336 2595 378 2679; x_wconf 93' lang='lat'>7.</span> <span class='ocrx_word' id='word_1_96' title='bbox 407 2565 585 2650; x_wconf 87' lang='lat' dir='ltr'>Historia</span> <span class='ocrx_word' id='word_1_97' title='bbox 601 2563 819 2649; x_wconf 78' lang='lat' dir='ltr'>Britanniae</span> <span class='ocrx_word' id='word_1_98' title='bbox 838 2591 862 2646; x_wconf 92' lang='lat' dir='ltr'>a</span> <span class='ocrx_word' id='word_1_99' title='bbox 880 2561 1009 2674; x_wconf 90' lang='lat' dir='ltr'>prima</span> <span class='ocrx_word' id='word_1_100' title='bbox 1028 2562 1267 2674; x_wconf 84' lang='lat' dir='ltr'>antiquitate</span> <span class='ocrx_word' id='word_1_101' title='bbox 1285 2566 1335 2646; x_wconf 91' lang='lat' dir='ltr'>ad</span> <span class='ocrx_word' id='word_1_102' title='bbox 1353 2584 1524 2649; x_wconf 87' lang='lat' dir='ltr'>mortem</span> <span class='ocrx_word' id='word_1_103' title='bbox 1544 2568 1730 2653; x_wconf 90' lang='lat' dir='ltr'>Edwardi</span> <span class='ocrx_word' id='word_1_104' title='bbox 1748 2575 1821 2655; x_wconf 88' lang='lat'>111.</span> 
     </span>
    </p>

    <p class='ocr_par' dir='ltr' id='par_1_12' title="bbox 339 2683 1824 2896">
     <span class='ocr_line' id='line_1_17' title="bbox 339 2683 1824 2798; baseline 0.005 -27"><span class='ocrx_word' id='word_1_105' title='bbox 339 2692 378 2774; x_wconf 89' lang='lat'>8.</span> <span class='ocrx_word' id='word_1_106' title='bbox 406 2687 654 2773; x_wconf 89' lang='lat' dir='ltr'>Constitutio</span> <span class='ocrx_word' id='word_1_107' title='bbox 685 2683 909 2771; x_wconf 90' lang='lat' dir='ltr'>Innocentii</span> <span class='ocrx_word' id='word_1_108' title='bbox 943 2711 1058 2798; x_wconf 81' lang='lat' dir='ltr'>papa</span> <span class='ocrx_word' id='word_1_109' title='bbox 1089 2686 1138 2767; x_wconf 93' lang='lat' dir='ltr'>de</span> <span class='ocrx_word' id='word_1_110' title='bbox 1170 2683 1354 2798; x_wconf 91' lang='lat' dir='ltr'>capitulis</span> <span class='ocrx_word' id='word_1_111' title='bbox 1386 2686 1537 2770; x_wconf 86' lang='lat' dir='ltr'>ordinis</span> <span class='ocrx_word' id='word_1_112' title='bbox 1555 2693 1608 2772; x_wconf 69' lang='grc' dir='ltr'>ὃ.</span> <span class='ocrx_word' id='word_1_113' title='bbox 1623 2692 1824 2779; x_wconf 75' lang='lat' dir='ltr'>Benedidii</span> 
     </span>
     <span class='ocr_line' id='line_1_18' title="bbox 406 2809 661 2896; baseline -0.012 0"><span class='ocrx_word' id='word_1_114' title='bbox 406 2809 661 2896; x_wconf 86' lang='lat' dir='ltr'>celebrandis.</span> 
     </span>
    </p>

    <p class='ocr_par' dir='ltr' id='par_1_13' title="bbox 337 2928 1513 3044">
     <span class='ocr_line' id='line_1_19' title="bbox 337 2928 1513 3044; baseline -0.002 -28"><span class='ocrx_word' id='word_1_115' title='bbox 337 2963 377 3043; x_wconf 91' lang='lat'>9.</span> <span class='ocrx_word' id='word_1_116' title='bbox 404 2937 694 3044; x_wconf 84' lang='lat' dir='ltr'>Fragmentum</span> <span class='ocrx_word' id='word_1_117' title='bbox 713 2928 917 3040; x_wconf 87' lang='lat' dir='ltr'>cujusdam</span> <span class='ocrx_word' id='word_1_118' title='bbox 937 2928 1108 3014; x_wconf 83' lang='lat' dir='ltr'>historia</span> <span class='ocrx_word' id='word_1_119' title='bbox 1126 2929 1284 3041; x_wconf 87' lang='lat' dir='ltr'>Angliae</span> <span class='ocrx_word' id='word_1_120' title='bbox 1301 2946 1341 3013; x_wconf 90' lang='lat' dir='ltr'>et</span> <span class='ocrx_word' id='word_1_121' title='bbox 1359 2930 1513 3015; x_wconf 85' lang='lat' dir='ltr'>Scotiae.</span> 
     </span>
    </p>

    <p class='ocr_par' dir='ltr' id='par_1_14' title="bbox 342 3050 1826 3412">
     <span class='ocr_line' id='line_1_20' title="bbox 342 3050 1826 3165; baseline 0.003 -25"><span class='ocrx_word' id='word_1_122' title='bbox 342 3085 404 3141; x_wconf 88' lang='lat'>10.</span> <span class='ocrx_word' id='word_1_123' title='bbox 433 3054 749 3141; x_wconf 88' lang='lat' dir='ltr'>Constitutiones</span> <span class='ocrx_word' id='word_1_124' title='bbox 767 3052 1111 3165; x_wconf 85' lang='lat' dir='ltr'>archiepiscopales</span> <span class='ocrx_word' id='word_1_125' title='bbox 1128 3053 1178 3135; x_wconf 89' lang='lat' dir='ltr'>de</span> <span class='ocrx_word' id='word_1_126' title='bbox 1195 3051 1250 3135; x_wconf 91' lang='lat' dir='ltr'>eis</span> <span class='ocrx_word' id='word_1_127' title='bbox 1273 3080 1365 3164; x_wconf 83' lang='lat' dir='ltr'>quae</span> <span class='ocrx_word' id='word_1_128' title='bbox 1386 3050 1618 3164; x_wconf 90' lang='lat' dir='ltr'>parochiani</span> <span class='ocrx_word' id='word_1_129' title='bbox 1637 3071 1826 3144; x_wconf 87' lang='lat' dir='ltr'>tenentur</span> 
     </span>
     <span class='ocr_line' id='line_1_21' title="bbox 432 3172 1823 3288; baseline 0.004 -27"><span class='ocrx_word' id='word_1_130' title='bbox 432 3175 608 3262; x_wconf 88' lang='lat' dir='ltr'>invenire</span> <span class='ocrx_word' id='word_1_131' title='bbox 632 3177 676 3260; x_wconf 95' lang='lat' dir='ltr'>in</span> <span class='ocrx_word' id='word_1_132' title='bbox 694 3173 859 3261; x_wconf 86' lang='lat' dir='ltr'>ecelefiis</span> <span class='ocrx_word' id='word_1_133' title='bbox 871 3215 885 3274; x_wconf 66' lang='grc' dir='ltr'><strong><em>ς</em></strong></span> <span class='ocrx_word' id='word_1_134' title='bbox 913 3192 954 3258; x_wconf 93' lang='lat' dir='ltr'>et</span> <span class='ocrx_word' id='word_1_135' title='bbox 972 3176 1021 3259; x_wconf 93' lang='lat' dir='ltr'>de</span> <span class='ocrx_word' id='word_1_136' title='bbox 1045 3172 1206 3259; x_wconf 88' lang='lat' dir='ltr'>decimis</span> <span class='ocrx_word' id='word_1_137' title='bbox 1234 3202 1306 3288; x_wconf 89' lang='lat' dir='ltr'>per</span> <span class='ocrx_word' id='word_1_138' title='bbox 1329 3175 1575 3261; x_wconf 82' lang='lat' dir='ltr'>ecclefiamm</span> <span class='ocrx_word' id='word_1_139' title='bbox 1600 3177 1769 3266; x_wconf 66' lang='lat' dir='ltr'>restores</span> <span class='ocrx_word' id='word_1_140' title='bbox 1798 3211 1823 3265; x_wconf 93' lang='lat' dir='ltr'>a</span> 
     </span>
     <span class='ocr_line' id='line_1_22' title="bbox 432 3296 993 3412; baseline -0.004 -29"><span class='ocrx_word' id='word_1_141' title='bbox 432 3299 512 3383; x_wconf 85' lang='lat' dir='ltr'>suis</span> <span class='ocrx_word' id='word_1_142' title='bbox 530 3296 782 3412; x_wconf 87' lang='lat' dir='ltr'>parochianis</span> <span class='ocrx_word' id='word_1_143' title='bbox 799 3297 993 3410; x_wconf 88' lang='lat' dir='ltr'>petendis.</span> 
     </span>
    </p>

    <p class='ocr_par' dir='ltr' id='par_1_15' title="bbox 343 3419 1113 3506">
     <span class='ocr_line' id='line_1_23' title="bbox 343 3419 1113 3506; baseline -0.003 0"><span class='ocrx_word' id='word_1_144' title='bbox 343 3448 404 3506; x_wconf 89' lang='lat'>11.</span> <span class='ocrx_word' id='word_1_145' title='bbox 432 3424 497 3506; x_wconf 86' lang='lat' dir='ltr'>De</span> <span class='ocrx_word' id='word_1_146' title='bbox 514 3421 741 3506; x_wconf 85' lang='lat' dir='ltr'>venditione</span> <span class='ocrx_word' id='word_1_147' title='bbox 761 3436 800 3504; x_wconf 88' lang='lat' dir='ltr'>et</span> <span class='ocrx_word' id='word_1_148' title='bbox 817 3419 980 3504; x_wconf 87' lang='lat' dir='ltr'>decimis</span> <span class='ocrx_word' id='word_1_149' title='bbox 997 3421 1113 3504; x_wconf 85' lang='lat' dir='ltr'>lanae.</span> 
     </span>
    </p>

    <p class='ocr_par' dir='ltr' id='par_1_16' title="bbox 342 3541 1345 3652">
     <span class='ocr_line' id='line_1_24' title="bbox 342 3541 1345 3652; baseline -0.003 -24"><span class='ocrx_word' id='word_1_150' title='bbox 342 3571 403 3629; x_wconf 87' lang='lat'>12.</span> <span class='ocrx_word' id='word_1_151' title='bbox 432 3549 559 3628; x_wconf 91' lang='lat' dir='ltr'>Terra</span> <span class='ocrx_word' id='word_1_152' title='bbox 578 3541 804 3626; x_wconf 88' lang='lat' dir='ltr'>monasterii</span> <span class='ocrx_word' id='word_1_153' title='bbox 824 3548 862 3625; x_wconf 89' lang='lat' dir='ltr'>S.</span> <span class='ocrx_word' id='word_1_154' title='bbox 875 3542 1091 3652; x_wconf 87' lang='lat' dir='ltr'>Augustini</span> <span class='ocrx_word' id='word_1_155' title='bbox 1109 3542 1345 3627; x_wconf 84' lang='lat' dir='ltr'>mensurata.</span> 
     </span>
    </p>

    <p class='ocr_par' dir='ltr' id='par_1_17' title="bbox 340 3663 1820 3875">
     <span class='ocr_line' id='line_1_25' title="bbox 340 3663 1820 3782; baseline 0.004 -33"><span class='ocrx_word' id='word_1_156' title='bbox 340 3693 403 3777; x_wconf 86' lang='lat'>13.</span> <span class='ocrx_word' id='word_1_157' title='bbox 430 3664 660 3750; x_wconf 87' lang='lat' dir='ltr'>Comitatus</span> <span class='ocrx_word' id='word_1_158' title='bbox 678 3664 850 3777; x_wconf 91' lang='lat' dir='ltr'>Angliae,</span> <span class='ocrx_word' id='word_1_159' title='bbox 875 3682 915 3749; x_wconf 89' lang='lat' dir='ltr'>et</span> <span class='ocrx_word' id='word_1_160' title='bbox 931 3665 1087 3749; x_wconf 87' lang='lat' dir='ltr'>castella</span> <span class='ocrx_word' id='word_1_161' title='bbox 1104 3665 1273 3749; x_wconf 88' lang='lat' dir='ltr'>abbatiae</span> <span class='ocrx_word' id='word_1_162' title='bbox 1291 3683 1330 3748; x_wconf 91' lang='lat' dir='ltr'>et</span> <span class='ocrx_word' id='word_1_163' title='bbox 1348 3663 1548 3777; x_wconf 91' lang='lat' dir='ltr'>prioratus</span> <span class='ocrx_word' id='word_1_164' title='bbox 1572 3668 1617 3753; x_wconf 91' lang='lat' dir='ltr'>in</span> <span class='ocrx_word' id='word_1_165' title='bbox 1629 3670 1820 3782; x_wconf 82' lang='lat' dir='ltr'>quolibet</span> 
     </span>
     <span class='ocr_line' id='line_1_26' title="bbox 431 3787 641 3875; baseline -0.005 -4"><span class='ocrx_word' id='word_1_166' title='bbox 431 3787 641 3875; x_wconf 88' lang='lat' dir='ltr'>comitatu.</span> 
     </span>
    </p>

    <p class='ocr_par' dir='ltr' id='par_1_18' title="bbox 340 3907 1819 4116">
     <span class='ocr_line' id='line_1_27' title="bbox 340 3907 1819 4024; baseline 0.003 -29"><span class='ocrx_word' id='word_1_167' title='bbox 340 3939 401 4020; x_wconf 84' lang='lat'>14·</span> <span class='ocrx_word' id='word_1_168' title='bbox 430 3909 566 3994; x_wconf 87' lang='lat' dir='ltr'>Litera</span> <span class='ocrx_word' id='word_1_169' title='bbox 591 3907 788 3995; x_wconf 88' lang='lat' dir='ltr'>Bonifacii</span> <span class='ocrx_word' id='word_1_170' title='bbox 815 3937 929 4024; x_wconf 83' lang='lat' dir='ltr'>papa</span> <span class='ocrx_word' id='word_1_171' title='bbox 956 3909 1068 3998; x_wconf 84' lang='lat' dir='ltr'>miffa</span> <span class='ocrx_word' id='word_1_172' title='bbox 1091 3910 1323 3994; x_wconf 88' lang='lat' dir='ltr'>Ethelberto</span> <span class='ocrx_word' id='word_1_173' title='bbox 1353 3910 1401 3993; x_wconf 89' lang='lat' dir='ltr'>de</span> <span class='ocrx_word' id='word_1_174' title='bbox 1428 3910 1559 4024; x_wconf 88' lang='lat' dir='ltr'>prima</span> <span class='ocrx_word' id='word_1_175' title='bbox 1581 3913 1819 4001; x_wconf 83' lang='lat' dir='ltr'>fundatione</span> 
     </span>
     <span class='ocr_line' id='line_1_28' title="bbox 430 4031 774 4116; baseline 0 -1"><span class='ocrx_word' id='word_1_176' title='bbox 430 4032 595 4116; x_wconf 84' lang='lat' dir='ltr'>ecclefiae</span> <span class='ocrx_word' id='word_1_177' title='bbox 615 4031 774 4116; x_wconf 88' lang='lat' dir='ltr'>Christi.</span> 
     </span>
    </p>

    <p class='ocr_par' dir='ltr' id='par_1_19' title="bbox 339 4152 1817 4362">
     <span class='ocr_line' id='line_1_29' title="bbox 339 4152 1817 4266; baseline 0.004 -27"><span class='ocrx_word' id='word_1_178' title='bbox 339 4180 401 4266; x_wconf 84' lang='lat'>15.</span> <span class='ocrx_word' id='word_1_179' title='bbox 430 4153 631 4238; x_wconf 91' lang='lat' dir='ltr'>Chronica</span> <span class='ocrx_word' id='word_1_180' title='bbox 648 4152 781 4238; x_wconf 89' lang='lat' dir='ltr'>fratris</span> <span class='ocrx_word' id='word_1_181' title='bbox 796 4153 1008 4239; x_wconf 88' lang='lat' dir='ltr'>Wilhelmi</span> <span class='ocrx_word' id='word_1_182' title='bbox 1023 4154 1203 4252; x_wconf 88' lang='lat' dir='ltr'>Thorne,</span> <span class='ocrx_word' id='word_1_183' title='bbox 1222 4152 1288 4237; x_wconf 90' lang='lat' dir='ltr'>cui</span> <span class='ocrx_word' id='word_1_184' title='bbox 1306 4152 1598 4242; x_wconf 75' lang='lat' dir='ltr'>subnediuntur</span> <span class='ocrx_word' id='word_1_185' title='bbox 1614 4158 1817 4244; x_wconf 88' lang='lat' dir='ltr'>evidentiae</span> 
     </span>
     <span class='ocr_line' id='line_1_30' title="bbox 414 4274 1261 4362; baseline -0.005 -1"><span class='ocrx_word' id='word_1_186' title='bbox 414 4275 700 4362; x_wconf 86' lang='lat' dir='ltr'>¹donationum</span> <span class='ocrx_word' id='word_1_187' title='bbox 718 4274 883 4360; x_wconf 83' lang='lat' dir='ltr'>ecclefiae</span> <span class='ocrx_word' id='word_1_188' title='bbox 901 4275 1048 4360; x_wconf 90' lang='lat' dir='ltr'>Christi</span> <span class='ocrx_word' id='word_1_189' title='bbox 1067 4281 1261 4359; x_wconf 89' lang='lat' dir='ltr'>Cantuar.</span> 
     </span>
    </p>

    <p class='ocr_par' dir='ltr' id='par_1_20' title="bbox 432 4394 1816 4734">
     <span class='ocr_line' id='line_1_31' title="bbox 432 4394 1816 4514; baseline 0.005 -32"><span class='ocrx_word' id='word_1_190' title='bbox 432 4409 460 4448; x_wconf 78' lang='lat'>‘¹</span> <span class='ocrx_word' id='word_1_191' title='bbox 479 4400 559 4483; x_wconf 86' lang='lat' dir='ltr'>Hic</span> <span class='ocrx_word' id='word_1_192' title='bbox 575 4398 668 4481; x_wconf 82' lang='lat' dir='ltr'>liber</span> <span class='ocrx_word' id='word_1_193' title='bbox 677 4401 799 4510; x_wconf 83' lang='lat' dir='ltr'>primo</span> <span class='ocrx_word' id='word_1_194' title='bbox 817 4417 999 4483; x_wconf 82' lang='lat' dir='ltr'>mutuatus</span> <span class='ocrx_word' id='word_1_195' title='bbox 1018 4430 1043 4481; x_wconf 83' lang='lat' dir='ltr'><em>a</em></span> <span class='ocrx_word' id='word_1_196' title='bbox 1056 4404 1167 4510; x_wconf 81' lang='lat' dir='ltr'>Mag.</span> <span class='ocrx_word' id='word_1_197' title='bbox 1185 4394 1319 4482; x_wconf 76' lang='lat' dir='ltr'>Thomu</span> <span class='ocrx_word' id='word_1_198' title='bbox 1336 4395 1479 4513; x_wconf 76' lang='lat' dir='ltr'>Twym,</span> <span class='ocrx_word' id='word_1_199' title='bbox 1495 4403 1568 4513; x_wconf 65' lang='lat' dir='ltr'>fid</span> <span class='ocrx_word' id='word_1_200' title='bbox 1578 4403 1695 4514; x_wconf 81' lang='lat' dir='ltr'>postea</span> <span class='ocrx_word' id='word_1_201' title='bbox 1711 4406 1816 4489; x_wconf 85' lang='lat' dir='ltr'>datus</span> 
     </span>
     <span class='ocr_line' id='line_1_32' title="bbox 432 4523 1815 4643; baseline 0.004 -39"><span class='ocrx_word' id='word_1_202' title='bbox 432 4523 556 4629; x_wconf 75' lang='lat' dir='ltr'>“ficit</span> <span class='ocrx_word' id='word_1_203' title='bbox 573 4523 740 4605; x_wconf 70' lang='lat' dir='ltr'>hiartheo</span> <span class='ocrx_word' id='word_1_204' title='bbox 757 4525 936 4606; x_wconf 78' lang='lat' dir='ltr'>cantuar.</span> <span class='ocrx_word' id='word_1_205' title='bbox 954 4540 1025 4634; x_wconf 82' lang='lat' dir='ltr'>per</span> <span class='ocrx_word' id='word_1_206' title='bbox 1047 4525 1158 4634; x_wconf 84' lang='lat' dir='ltr'>Mag.</span> <span class='ocrx_word' id='word_1_207' title='bbox 1175 4567 1233 4589; x_wconf 88' lang='lat'>-··</span> <span class='ocrx_word' id='word_1_208' title='bbox 1250 4523 1414 4607; x_wconf 84' lang='lat' dir='ltr'>Brocher</span> <span class='ocrx_word' id='word_1_209' title='bbox 1434 4531 1536 4636; x_wconf 73' lang='lat' dir='ltr'>(curn</span> <span class='ocrx_word' id='word_1_210' title='bbox 1561 4526 1648 4609; x_wconf 83' lang='lat' dir='ltr'>aliis</span> <span class='ocrx_word' id='word_1_211' title='bbox 1673 4530 1815 4643; x_wconf 86' lang='lat' dir='ltr'>quibus-</span> 
     </span>
     <span class='ocr_line' id='line_1_33' title="bbox 1686 4652 1816 4734; baseline -0.008 0"><span class='ocrx_word' id='word_1_212' title='bbox 1686 4661 1714 4698; x_wconf 89' lang='lat'><strong>“</strong></span> <span class='ocrx_word' id='word_1_213' title='bbox 1732 4652 1816 4734; x_wconf 70' lang='lat' dir='ltr'>dont</span> 
     </span>
    </p>
   </div>
   <div class='ocr_carea' id='block_1_4' title="bbox 573 4959 1587 5140">
    <p class='ocr_par' dir='ltr' id='par_1_21' title="bbox 573 4959 1587 5140">
     <span class='ocr_line' id='line_1_34' title="bbox 573 4959 1587 5140; baseline 0 -108"><span class='ocrx_word' id='word_1_214' title='bbox 573 4959 815 5047; x_wconf 70' lang='lat' dir='ltr'>CLXXXIX]</span> <span class='ocrx_word' id='word_1_215' title='bbox 831 4961 894 5034; x_wconf 80' lang='lat' dir='ltr'>Ver.</span> <span class='ocrx_word' id='word_1_216' title='bbox 910 4964 976 5035; x_wconf 79' lang='lat' dir='ltr'>Cat.</span> <span class='ocrx_word' id='word_1_217' title='bbox 993 4961 1085 5140; x_wconf 55' lang='grc' dir='ltr'><strong>(ἶφι.</strong></span> <span class='ocrx_word' id='word_1_218' title='bbox 1101 4965 1198 5035; x_wconf 82' lang='lat' dir='ltr'><em>MSS.</em></span> <span class='ocrx_word' id='word_1_219' title='bbox 1213 4965 1300 5051; x_wconf 67' lang='lat' dir='ltr'>Aegl.</span> <span class='ocrx_word' id='word_1_220' title='bbox 1320 4967 1500 5058; x_wconf 77' lang='lat'>1344-67.</span> <span class='ocrx_word' id='word_1_221' title='bbox 1583 5026 1587 5032; x_wconf 90' lang='lat'><em>.</em></span> 
     </span>
    </p>
   </div>
   <div class='ocr_carea' id='block_1_5' title="bbox 0 0 2126 5910">
    <p class='ocr_par' dir='ltr' id='par_1_22' title="bbox 0 0 2126 5910">
     <span class='ocr_line' id='line_1_35' title="bbox 0 0 2126 5910; baseline 0 6"><span class='ocrx_word' id='word_1_222' title='bbox 0 0 2126 5910; x_wconf 95' lang='lat' dir='ltr'> </span> 
     </span>
    </p>
   </div>
  </div>
 </body>
</html>
