4214 5910
800 675 809 691 ·
900 594 1101 739 cxc(

363 848 392 888 “
414 839 486 921 IV.
506 837 569 920 De
587 827 746 915 tristitia
765 822 896 912 seculi.

288 1049 297 1061 ,
365 953 744 1042 “V.Demmnfia

363 1094 390 1129 “
409 1085 482 1164 VI.
502 1085 563 1162 De
581 1076 730 1162 ventris
748 1071 941 1185 Ingluviei

365 1197 781 1285 “VH.Dehmnfia

364 1317 1116 1408 “VHLIksmmkmmmssmunmm

364 1461 392 1497 “
413 1452 484 1530 IX.
505 1451 568 1529 De
587 1443 857 1528 observatione
875 1442 1201 1552 conjugatorum.

364 1581 390 1617 “
412 1572 463 1653 X.
484 1572 548 1652 De
563 1566 830 1650 fornicatione
848 1563 1083 1649 clericorum
1101 1562 1177 1645 five
1196 1552 1573 1668 sanstimonialiumg

363 1704 392 1741 “
411 1694 484 1775 XI.
504 1694 568 1774 De
586 1687 794 1776 adulterio.

287 1829 291 1836 “
365 1806 845 1898 “ΧΗᾙῠοῂωᾶωώω
1017 1839 1038 1851 “

366 1949 393 1985 “
414 1940 527 2020 XIII.
547 1939 610 2017 De
629 1932 853 2017 homicidis.

365 2070 393 2106 “
412 2061 525 2141 XIV.
545 2061 608 2139 De
624 2056 723 2138 falso
735 2051 968 2137 ⁴teffimonio
986 2069 1027 2137 et
1045 2052 1265 2137 mendacio.

365 2190 394 2228 “
415 2181 507 2262 XV.
528 2182 593 2262 De
608 2175 720 2260 furto
739 2192 779 2261 et
795 2176 983 2259 incendio
997 2168 1040 2259 et
1055 2174 1334 2291 sepulchorum
1352 2170 1627 2262 violatoribusi

366 2299 813 2415 “XVblkpmmno

363 2433 392 2471 “
410 2424 543 2507 XVII.
563 2428 627 2506 De
645 2421 785 2535 rapina
802 2437 842 2504 et
859 2419 978 2504 usura
996 2436 1037 2503 et
1056 2420 1130 2533 qui
1147 2418 1320 2533 hospites
1339 2445 1425 2502 non
1443 2418 1582 2533 recipit
1600 2434 1641 2502 et
1665 2423 1783 2504 man-¹

566 2557 594 2592 “
614 2546 708 2627 data
724 2543 949 2653 evangeIIca
966 2566 1052 2625 non
1067 2542 1223 2655 implet.

365 2676 393 2714 “
413 2668 566 2751 XVIII.
585 2664 650 2748 De
666 2665 853 2748 ebrietate
872 2681 911 2747 et
928 2662 1098 2746 vomitu.

366 2798 396 2885 .“
416 2790 528 2873 XIX.
547 2792 611 2872 De
630 2786 813 2871 idolatria
829 2803 870 2868 et
887 2783 1087 2895 sacrilegio
1104 2800 1145 2867 et
1162 2784 1234 2897 qui
1249 2785 1425 2896 Angelos
1444 2787 1586 2871 colunt
1604 2800 1645 2869 et
1663 2787 1786 2870 male·

548 2909 691 2993 “ficos
715 2908 860 2992 ariolos
887 2905 1082 2991 veneficos
1104 2906 1304 3018 sortilegos
1333 2906 1488 2992 divinos
1510 2925 1552 2992 et
1576 2925 1672 2992 vota
1698 2909 1787 2992 red·

551 3044 578 3080 “
598 3034 735 3115 dentes
749 3029 822 3114 nisi
839 3032 890 3113 ad
902 3030 1101 3114 ecclesiam
1114 3029 1192 3114 Dei
1209 3047 1249 3113 et
1266 3028 1310 3113 in
1329 3030 1516 3115 kalendas
1529 3030 1621 3139 Jan.
1640 3029 1684 3113 in
1702 3058 1785 3113 cer-

549 3155 694 3236 “vulo
715 3171 755 3236 et
779 3153 823 3236 in
841 3153 975 3235 vetula
993 3149 1115 3251 vadit,
1144 3167 1184 3235 et
1203 3152 1505 3237 mathematicos
1526 3170 1568 3236 et
1590 3150 1785 3238 emissores

548 3276 890 3388 “nmmdbmm.

367 3408 395 3446 “
415 3401 508 3481 XX.
527 3401 591 3481 De
608 3394 810 3481 sodomitis
831 3415 870 3481 et
889 3395 1078 3482 mollibus
1096 3416 1136 3480 et
1155 3397 1375 3485 immundis
1393 3394 1701 3513 pollutionibus.

367 3533 395 3567 “
415 3524 528 3605 XXI.
548 3525 610 3604 De
630 3519 908 3605 maledisiione
926 3538 966 3602 et
985 3518 1242 3609 detractione.

272 3693 277 3701 ·
369 3654 395 3690 “
416 3644 550 3727 XXII.
570 3640 633 3727 De
652 3633 939 3727 communione
957 3636 1236 3729 hereticorum.

368 3776 396 3812 “
415 3762 569 3851 XXIII.
589 3766 651 3850 De
669 3760 899 3851 discretione
917 3763 1100 3852 ciborum
1119 3764 1280 3851 mundis
1301 3783 1341 3848 et
1357 3764 1591 3851 immundis.

368 3899 396 3936 “
416 3891 568 3982 XXIV.
589 3892 650 3970 De
665 3879 727 3971 bis
743 3887 815 4000 qui
831 3886 1081 3974 ecclestastica
1098 3888 1248 3996 jejunia
1262 3888 1407 3999 absque
1422 3889 1641 3975 necessitate
1655 3886 1786 3973 dissol-

591 4021 618 4056 “
638 4028 741 4092 vunt
760 4028 800 4093 et
817 4012 865 4095 de
885 4011 946 4098 his
966 4011 1039 4122 qui
1056 4011 1287 4095 venationes
1306 4032 1501 4096 exercent.

369 4141 395 4177 “
417 4135 548 4214 XXV.
568 4137 632 4215 De
649 4131 844 4215 otiositate
862 4149 906 4215 et
918 4130 1150 4216 verbositate
1169 4150 1210 4215 et
1227 4132 1530 4244 sompnolentia.

370 4264 397 4298 “
417 4257 569 4337 XXVI.
588 4257 652 4337 De
668 4252 937 4337 inobedientia
953 4273 994 4336 et
1011 4254 1262 4365 blasphemia.

370 4385 398 4422 “
418 4374 591 4477 XXVII.
611 4379 674 4459 De
691 4375 1002 4486 cogitationibus
1019 4377 1149 4461 malis.

367 4507 395 4543 “
415 4503 607 4581 XXVIII.
628 4504 691 4581 De
709 4501 830 4582 verbo
847 4494 986 4584 otioso·

370 4629 397 4664 “
418 4623 571 4703 XXIX.
591 4625 654 4702 De
672 4621 908 4706 curiosrtate.

368 4749 395 4785 “
415 4745 549 4827 XXX.
568 4747 631 4825 De
648 4742 846 4854 baptismo
863 4744 1053 4857 reiterato·
1070 4763 1110 4831 et
1133 4749 1183 4831 de
1200 4774 1318 4860 opere
1341 4746 1405 4831 die
1425 4745 1629 4833 dominico
1646 4765 1687 4832 et
1714 4751 1786 4861 qui

550 4864 1114 4976 ·“dkdmmmunjdmmm.

276 4926 279 4931 -
368 4995 395 5033 “
413 4986 567 5072 XXXI.
587 4988 650 5073 De
670 4988 910 5101 negligentia
926 4990 1181 5085 eucharistiae.

624 5135 631 5149 .
920 5118 954 5196 L
974 5115 987 5195 l
1009 5143 1031 5198 2
1482 5131 1508 5166 “
1529 5119 1702 5204 XXXII.
1723 5121 1786 5201 De
