<?xml version="1.0" encoding="UTF-8"?>
<!DOCTYPE html PUBLIC "-//W3C//DTD XHTML 1.0 Transitional//EN"
    "http://www.w3.org/TR/xhtml1/DTD/xhtml1-transitional.dtd">
<html xmlns="http://www.w3.org/1999/xhtml" xml:lang="en" lang="en">
 <head>
  <title>
</title>
<meta http-equiv="Content-Type" content="text/html;charset=utf-8" />
  <meta name='ocr-system' content='tesseract 3.04.00' />
  <meta name='ocr-capabilities' content='ocr_page ocr_carea ocr_par ocr_line ocrx_word'/>
</head>
<body>
  <div class='ocr_page' id='page_1' title='image "./cataloguslibror00librgoog_0404.png"; bbox 0 0 4214 5910; ppageno 0'>
   <div class='ocr_carea' id='block_1_1' title="bbox 780 629 2059 769">
    <p class='ocr_par' dir='ltr' id='par_1_1' title="bbox 780 629 2059 769">
     <span class='ocr_line' id='line_1_1' title="bbox 780 629 2059 769; baseline 0.009 -45"><span class='ocrx_word' id='word_1_1' title='bbox 780 629 1142 727; x_wconf 75' lang='lat' dir='ltr'>ccccxxiii.</span> <span class='ocrx_word' id='word_1_2' title='bbox 1660 639 1777 769; x_wconf 71' lang='lat' dir='ltr'>aaa¹</span> <span class='ocrx_word' id='word_1_3' title='bbox 1892 752 1899 767; x_wconf 38' lang='grc'>,</span> <span class='ocrx_word' id='word_1_4' title='bbox 2055 698 2059 707; x_wconf 81' lang='lat'><em>·</em></span> 
     </span>
    </p>
   </div>
   <div class='ocr_carea' id='block_1_2' title="bbox 251 798 1815 3919">
    <p class='ocr_par' dir='ltr' id='par_1_2' title="bbox 280 798 1765 924">
     <span class='ocr_line' id='line_1_2' title="bbox 280 798 1765 924; baseline -0.017 -28"><span class='ocrx_word' id='word_1_5' title='bbox 280 839 343 921; x_wconf 85' lang='lat'>¹9·</span> <span class='ocrx_word' id='word_1_6' title='bbox 372 809 550 922; x_wconf 83' lang='lat' dir='ltr'>Epistola</span> <span class='ocrx_word' id='word_1_7' title='bbox 571 811 782 897; x_wconf 81' lang='lat' dir='ltr'>academiae</span> <span class='ocrx_word' id='word_1_8' title='bbox 801 816 851 894; x_wconf 95' lang='lat' dir='ltr'>ad</span> <span class='ocrx_word' id='word_1_9' title='bbox 867 814 1095 924; x_wconf 88' lang='lat' dir='ltr'>episcopum</span> <span class='ocrx_word' id='word_1_10' title='bbox 1115 816 1254 892; x_wconf 85' lang='lat' dir='ltr'>Sarum</span> <span class='ocrx_word' id='word_1_11' title='bbox 1276 823 1323 889; x_wconf 88' lang='lat' dir='ltr'>ut</span> <span class='ocrx_word' id='word_1_12' title='bbox 1343 805 1529 888; x_wconf 77' lang='lat' dir='ltr'>acceleret</span> <span class='ocrx_word' id='word_1_13' title='bbox 1549 798 1765 880; x_wconf 87' lang='lat' dir='ltr'>adventum</span> 
     </span>
    </p>

    <p class='ocr_par' dir='ltr' id='par_1_3' title="bbox 257 931 1377 1038">
     <span class='ocr_line' id='line_1_3' title="bbox 257 931 1377 1038; baseline -0.005 -25"><span class='ocrx_word' id='word_1_14' title='bbox 257 1016 261 1021; x_wconf 77' lang='grc'><strong>,</strong></span> <span class='ocrx_word' id='word_1_15' title='bbox 374 931 528 1014; x_wconf 89' lang='lat' dir='ltr'>domini</span> <span class='ocrx_word' id='word_1_16' title='bbox 550 935 736 1016; x_wconf 82' lang='lat' dir='ltr'>Edw&#39;ardi</span> <span class='ocrx_word' id='word_1_17' title='bbox 756 937 877 1017; x_wconf 89' lang='lat' dir='ltr'>Poole</span> <span class='ocrx_word' id='word_1_18' title='bbox 901 937 950 1015; x_wconf 92' lang='lat' dir='ltr'>ad</span> <span class='ocrx_word' id='word_1_19' title='bbox 973 931 1229 1025; x_wconf 85' lang='lat' dir='ltr'>academiam,</span> <span class='ocrx_word' id='word_1_20' title='bbox 1254 948 1296 1038; x_wconf 81' lang='lat' dir='ltr'>p.</span> <span class='ocrx_word' id='word_1_21' title='bbox 1314 954 1377 1008; x_wconf 88' lang='lat'>22.</span> 
     </span>
    </p>

    <p class='ocr_par' dir='ltr' id='par_1_4' title="bbox 277 1036 1767 1162">
     <span class='ocr_line' id='line_1_4' title="bbox 277 1036 1767 1162; baseline -0.016 -25"><span class='ocrx_word' id='word_1_22' title='bbox 277 1079 346 1137; x_wconf 86' lang='lat'>20.</span> <span class='ocrx_word' id='word_1_23' title='bbox 376 1052 555 1162; x_wconf 86' lang='lat' dir='ltr'>Epistola</span> <span class='ocrx_word' id='word_1_24' title='bbox 579 1053 795 1138; x_wconf 75' lang='lat' dir='ltr'>academie</span> <span class='ocrx_word' id='word_1_25' title='bbox 823 1056 871 1134; x_wconf 88' lang='lat' dir='ltr'>ad</span> <span class='ocrx_word' id='word_1_26' title='bbox 897 1081 1031 1161; x_wconf 85' lang='lat' dir='ltr'>regem</span> <span class='ocrx_word' id='word_1_27' title='bbox 1052 1054 1297 1133; x_wconf 86' lang='lat' dir='ltr'>Edwardum</span> <span class='ocrx_word' id='word_1_28' title='bbox 1315 1050 1384 1128; x_wconf 86' lang='lat' dir='ltr'>IV.</span> <span class='ocrx_word' id='word_1_29' title='bbox 1414 1048 1462 1125; x_wconf 90' lang='lat' dir='ltr'>dc</span> <span class='ocrx_word' id='word_1_30' title='bbox 1489 1037 1682 1121; x_wconf 73' lang='lat' dir='ltr'>electione</span> <span class='ocrx_word' id='word_1_31' title='bbox 1702 1036 1767 1114; x_wconf 88' lang='lat' dir='ltr'>Io-</span> 
     </span>
    </p>

    <p class='ocr_par' dir='ltr' id='par_1_5' title="bbox 251 1157 1769 1408">
     <span class='ocr_line' id='line_1_5' title="bbox 251 1157 1769 1281; baseline -0.011 -27"><span class='ocrx_word' id='word_1_32' title='bbox 251 1229 257 1263; x_wconf 61' lang='lat'><strong>2</strong></span> <span class='ocrx_word' id='word_1_33' title='bbox 374 1170 522 1254; x_wconf 89' lang='lat' dir='ltr'>hannis</span> <span class='ocrx_word' id='word_1_34' title='bbox 543 1172 707 1256; x_wconf 82' lang='lat' dir='ltr'>Harrier</span> <span class='ocrx_word' id='word_1_35' title='bbox 736 1175 778 1256; x_wconf 89' lang='lat' dir='ltr'>in</span> <span class='ocrx_word' id='word_1_36' title='bbox 806 1175 1021 1268; x_wconf 88' lang='lat' dir='ltr'>bedellum,</span> <span class='ocrx_word' id='word_1_37' title='bbox 1053 1170 1164 1281; x_wconf 89' lang='lat' dir='ltr'>quod</span> <span class='ocrx_word' id='word_1_38' title='bbox 1193 1169 1297 1250; x_wconf 85' lang='lat' dir='ltr'>licite</span> <span class='ocrx_word' id='word_1_39' title='bbox 1327 1195 1400 1252; x_wconf 87' lang='lat' dir='ltr'>nec</span> <span class='ocrx_word' id='word_1_40' title='bbox 1421 1168 1528 1248; x_wconf 85' lang='lat' dir='ltr'>secus</span> <span class='ocrx_word' id='word_1_41' title='bbox 1552 1188 1596 1245; x_wconf 85' lang='lat' dir='ltr'>ac</span> <span class='ocrx_word' id='word_1_42' title='bbox 1625 1157 1769 1263; x_wconf 88' lang='lat' dir='ltr'>jubent</span> 
     </span>
     <span class='ocr_line' id='line_1_6' title="bbox 379 1288 1765 1408; baseline -0.001 -36"><span class='ocrx_word' id='word_1_43' title='bbox 379 1289 527 1373; x_wconf 88' lang='lat' dir='ltr'>statuta</span> <span class='ocrx_word' id='word_1_44' title='bbox 546 1288 653 1374; x_wconf 75' lang='lat' dir='ltr'>faeta</span> <span class='ocrx_word' id='word_1_45' title='bbox 672 1293 740 1388; x_wconf 90' lang='lat' dir='ltr'>est,</span> <span class='ocrx_word' id='word_1_46' title='bbox 766 1310 805 1402; x_wconf 87' lang='lat' dir='ltr'>p.</span> <span class='ocrx_word' id='word_1_47' title='bbox 821 1321 842 1375; x_wconf 91' lang='lat'><strong>2</strong></span> <span class='ocrx_word' id='word_1_48' title='bbox 849 1319 869 1398; x_wconf 81' lang='lat'><em>3</em></span> <span class='ocrx_word' id='word_1_49' title='bbox 888 1310 926 1373; x_wconf 91' lang='lat' dir='ltr'>et</span> <span class='ocrx_word' id='word_1_50' title='bbox 938 1320 1009 1398; x_wconf 76' lang='lat'>90.</span> <span class='ocrx_word' id='word_1_51' title='bbox 1756 1391 1765 1408; x_wconf 92' lang='lat'><strong>.</strong></span> 
     </span>
    </p>

    <p class='ocr_par' dir='ltr' id='par_1_6' title="bbox 279 1394 1769 1522">
     <span class='ocr_line' id='line_1_7' title="bbox 279 1394 1769 1522; baseline -0.013 -31"><span class='ocrx_word' id='word_1_52' title='bbox 279 1432 350 1491; x_wconf 85' lang='lat'>21.</span> <span class='ocrx_word' id='word_1_53' title='bbox 380 1408 558 1517; x_wconf 86' lang='lat' dir='ltr'>Epistola</span> <span class='ocrx_word' id='word_1_54' title='bbox 577 1411 785 1493; x_wconf 75' lang='lat' dir='ltr'>academia</span> <span class='ocrx_word' id='word_1_55' title='bbox 810 1414 860 1492; x_wconf 92' lang='lat' dir='ltr'>ad</span> <span class='ocrx_word' id='word_1_56' title='bbox 881 1410 1109 1522; x_wconf 89' lang='lat' dir='ltr'>episcopum</span> <span class='ocrx_word' id='word_1_57' title='bbox 1129 1404 1325 1490; x_wconf 85' lang='lat' dir='ltr'>Eliensem</span> <span class='ocrx_word' id='word_1_58' title='bbox 1354 1423 1401 1485; x_wconf 90' lang='lat' dir='ltr'>ut</span> <span class='ocrx_word' id='word_1_59' title='bbox 1431 1398 1546 1510; x_wconf 86' lang='lat' dir='ltr'>regiae</span> <span class='ocrx_word' id='word_1_60' title='bbox 1576 1394 1769 1502; x_wconf 79' lang='lat' dir='ltr'>majestati</span> 
     </span>
    </p>

    <p class='ocr_par' dir='ltr' id='par_1_7' title="bbox 257 1523 1631 1634">
     <span class='ocr_line' id='line_1_8' title="bbox 257 1523 1631 1634; baseline -0.006 -28"><span class='ocrx_word' id='word_1_61' title='bbox 257 1620 263 1632; x_wconf 88' lang='lat'><strong>.</strong></span> <span class='ocrx_word' id='word_1_62' title='bbox 380 1527 655 1612; x_wconf 84' lang='lat' dir='ltr'>innocentiam</span> <span class='ocrx_word' id='word_1_63' title='bbox 675 1557 816 1613; x_wconf 89' lang='lat' dir='ltr'>eorum</span> <span class='ocrx_word' id='word_1_64' title='bbox 836 1528 1005 1612; x_wconf 72' lang='lat' dir='ltr'>indicta</span> <span class='ocrx_word' id='word_1_65' title='bbox 1025 1526 1217 1610; x_wconf 70' lang='lat' dir='ltr'>eledtione</span> <span class='ocrx_word' id='word_1_66' title='bbox 1237 1523 1482 1634; x_wconf 86' lang='lat' dir='ltr'>persuadeat,</span> <span class='ocrx_word' id='word_1_67' title='bbox 1506 1536 1631 1629; x_wconf 64' lang='lat'><strong>1224.</strong></span> 
     </span>
    </p>

    <p class='ocr_par' dir='ltr' id='par_1_8' title="bbox 282 1643 1815 1760">
     <span class='ocr_line' id='line_1_9' title="bbox 282 1643 1815 1760; baseline -0.009 -29"><span class='ocrx_word' id='word_1_68' title='bbox 282 1671 349 1731; x_wconf 91' lang='grc'>22.</span> <span class='ocrx_word' id='word_1_69' title='bbox 380 1644 783 1756; x_wconf 75' lang='lat' dir='ltr'>Epistolaaeademiae</span> <span class='ocrx_word' id='word_1_70' title='bbox 803 1650 852 1731; x_wconf 89' lang='lat' dir='ltr'>ad</span> <span class='ocrx_word' id='word_1_71' title='bbox 868 1648 1097 1760; x_wconf 83' lang='lat' dir='ltr'>episcopum</span> <span class='ocrx_word' id='word_1_72' title='bbox 1114 1644 1342 1729; x_wconf 88' lang='lat' dir='ltr'>Roffensem</span> <span class='ocrx_word' id='word_1_73' title='bbox 1362 1643 1562 1726; x_wconf 88' lang='lat' dir='ltr'>decadem</span> <span class='ocrx_word' id='word_1_74' title='bbox 1583 1665 1636 1733; x_wconf 91' lang='lat' dir='ltr'>re,</span> <span class='ocrx_word' id='word_1_75' title='bbox 1653 1654 1769 1746; x_wconf 78' lang='lat' dir='ltr'><strong>p.25.</strong></span> <span class='ocrx_word' id='word_1_76' title='bbox 1812 1706 1815 1711; x_wconf 93' lang='lat'><em>.</em></span> 
     </span>
    </p>

    <p class='ocr_par' dir='ltr' id='par_1_9' title="bbox 284 1762 1774 1999">
     <span class='ocr_line' id='line_1_10' title="bbox 284 1762 1773 1878; baseline -0.009 -30"><span class='ocrx_word' id='word_1_77' title='bbox 284 1790 352 1873; x_wconf 87' lang='lat'>23.</span> <span class='ocrx_word' id='word_1_78' title='bbox 382 1763 560 1875; x_wconf 84' lang='lat' dir='ltr'>Epistola</span> <span class='ocrx_word' id='word_1_79' title='bbox 597 1768 808 1851; x_wconf 86' lang='lat' dir='ltr'>academiae</span> <span class='ocrx_word' id='word_1_80' title='bbox 845 1771 895 1849; x_wconf 91' lang='lat' dir='ltr'>ad</span> <span class='ocrx_word' id='word_1_81' title='bbox 933 1767 1162 1878; x_wconf 87' lang='lat' dir='ltr'>episcopum</span> <span class='ocrx_word' id='word_1_82' title='bbox 1200 1769 1356 1859; x_wconf 88' lang='lat' dir='ltr'>Sarum,</span> <span class='ocrx_word' id='word_1_83' title='bbox 1402 1762 1445 1843; x_wconf 90' lang='lat' dir='ltr'>in</span> <span class='ocrx_word' id='word_1_84' title='bbox 1486 1785 1567 1871; x_wconf 91' lang='lat' dir='ltr'>qua</span> <span class='ocrx_word' id='word_1_85' title='bbox 1606 1773 1773 1838; x_wconf 90' lang='lat' dir='ltr'>narrant</span> 
     </span>
     <span class='ocr_line' id='line_1_11' title="bbox 383 1874 1774 1999; baseline -0.011 -30"><span class='ocrx_word' id='word_1_86' title='bbox 383 1905 658 1998; x_wconf 85' lang='lat' dir='ltr'>quantorum</span> <span class='ocrx_word' id='word_1_87' title='bbox 687 1889 837 1999; x_wconf 88' lang='lat' dir='ltr'>gaudio</span> <span class='ocrx_word' id='word_1_88' title='bbox 865 1891 1079 1973; x_wconf 88' lang='lat' dir='ltr'>audierunt</span> <span class='ocrx_word' id='word_1_89' title='bbox 1107 1914 1200 1970; x_wconf 87' lang='lat' dir='ltr'>eum</span> <span class='ocrx_word' id='word_1_90' title='bbox 1231 1902 1403 1968; x_wconf 87' lang='lat' dir='ltr'>matrem</span> <span class='ocrx_word' id='word_1_91' title='bbox 1432 1880 1549 1965; x_wconf 84' lang='lat' dir='ltr'>suam</span> <span class='ocrx_word' id='word_1_92' title='bbox 1570 1874 1774 1963; x_wconf 88' lang='lat' dir='ltr'>Oxoniam</span> 
     </span>
    </p>

    <p class='ocr_par' dir='ltr' id='par_1_10' title="bbox 354 1993 1777 2595">
     <span class='ocr_line' id='line_1_12' title="bbox 354 1993 1776 2119; baseline -0.008 -32"><span class='ocrx_word' id='word_1_93' title='bbox 354 2110 360 2119; x_wconf 20' lang='lat'><strong><em>³</em></strong></span> <span class='ocrx_word' id='word_1_94' title='bbox 384 2007 472 2110; x_wconf 87' lang='lat' dir='ltr'>jam</span> <span class='ocrx_word' id='word_1_95' title='bbox 492 2005 564 2088; x_wconf 82' lang='lat' dir='ltr'>elle</span> <span class='ocrx_word' id='word_1_96' title='bbox 584 2006 777 2106; x_wconf 90' lang='lat' dir='ltr'>visurum,</span> <span class='ocrx_word' id='word_1_97' title='bbox 805 2007 1170 2092; x_wconf 79' lang='lat' dir='ltr'>desideratillimum</span> <span class='ocrx_word' id='word_1_98' title='bbox 1201 2003 1399 2093; x_wconf 87' lang='lat' dir='ltr'>infantem</span> <span class='ocrx_word' id='word_1_99' title='bbox 1422 1999 1657 2092; x_wconf 69' lang='lat' dir='ltr'>ducturum,</span> <span class='ocrx_word' id='word_1_100' title='bbox 1686 1993 1776 2102; x_wconf 90' lang='lat' dir='ltr'>dig-</span> 
     </span>
     <span class='ocr_line' id='line_1_13' title="bbox 379 2123 1777 2239; baseline -0.009 -31"><span class='ocrx_word' id='word_1_101' title='bbox 379 2123 612 2238; x_wconf 85' lang='lat' dir='ltr'>nillimique</span> <span class='ocrx_word' id='word_1_102' title='bbox 643 2131 789 2239; x_wconf 88' lang='lat' dir='ltr'>gradus</span> <span class='ocrx_word' id='word_1_103' title='bbox 817 2130 903 2236; x_wconf 79' lang='lat' dir='ltr'>ejus</span> <span class='ocrx_word' id='word_1_104' title='bbox 933 2127 1162 2214; x_wconf 88' lang='lat' dir='ltr'>cathedram</span> <span class='ocrx_word' id='word_1_105' title='bbox 1195 2123 1355 2208; x_wconf 66' lang='lat' dir='ltr'>tenuris</span> <span class='ocrx_word' id='word_1_106' title='bbox 1390 2126 1697 2212; x_wconf 88' lang='lat' dir='ltr'>decoraturum;</span> <span class='ocrx_word' id='word_1_107' title='bbox 1737 2130 1777 2197; x_wconf 90' lang='lat' dir='ltr'>et</span> 
     </span>
     <span class='ocr_line' id='line_1_14' title="bbox 376 2237 1776 2357; baseline -0.007 -28"><span class='ocrx_word' id='word_1_108' title='bbox 376 2247 493 2357; x_wconf 85' lang='lat' dir='ltr'>quod</span> <span class='ocrx_word' id='word_1_109' title='bbox 513 2246 747 2356; x_wconf 88' lang='lat' dir='ltr'>magistrum</span> <span class='ocrx_word' id='word_1_110' title='bbox 767 2249 988 2337; x_wconf 84' lang='lat' dir='ltr'>Ricardum</span> <span class='ocrx_word' id='word_1_111' title='bbox 1003 2250 1181 2332; x_wconf 87' lang='lat' dir='ltr'>Andrew</span> <span class='ocrx_word' id='word_1_112' title='bbox 1201 2245 1560 2355; x_wconf 86' lang='lat' dir='ltr'>incorporaverunt</span> <span class='ocrx_word' id='word_1_113' title='bbox 1579 2261 1618 2324; x_wconf 91' lang='lat' dir='ltr'>et</span> <span class='ocrx_word' id='word_1_114' title='bbox 1643 2237 1776 2321; x_wconf 88' lang='lat' dir='ltr'>domi·</span> 
     </span>
     <span class='ocr_line' id='line_1_15' title="bbox 380 2359 1777 2478; baseline -0.004 -31"><span class='ocrx_word' id='word_1_115' title='bbox 380 2392 481 2448; x_wconf 91' lang='lat' dir='ltr'>num</span> <span class='ocrx_word' id='word_1_116' title='bbox 511 2364 730 2451; x_wconf 89' lang='lat' dir='ltr'>Ricardum</span> <span class='ocrx_word' id='word_1_117' title='bbox 750 2371 896 2453; x_wconf 85' lang='lat' dir='ltr'>Brown</span> <span class='ocrx_word' id='word_1_118' title='bbox 916 2368 961 2453; x_wconf 90' lang='lat' dir='ltr'>in</span> <span class='ocrx_word' id='word_1_119' title='bbox 976 2368 1134 2453; x_wconf 77' lang='lat' dir='ltr'>‚artibus</span> <span class='ocrx_word' id='word_1_120' title='bbox 1154 2364 1462 2454; x_wconf 86' lang='lat' dir='ltr'>licentiaverunt</span> <span class='ocrx_word' id='word_1_121' title='bbox 1482 2378 1604 2478; x_wconf 87' lang='lat' dir='ltr'>prout</span> <span class='ocrx_word' id='word_1_122' title='bbox 1630 2359 1777 2444; x_wconf 83' lang='lat' dir='ltr'>defide-</span> 
     </span>
     <span class='ocr_line' id='line_1_16' title="bbox 384 2482 1734 2595; baseline -0.003 -26"><span class='ocrx_word' id='word_1_123' title='bbox 384 2502 555 2582; x_wconf 88' lang='lat' dir='ltr'>raverat,</span> <span class='ocrx_word' id='word_1_124' title='bbox 576 2503 619 2595; x_wconf 85' lang='lat' dir='ltr'>p.</span> <span class='ocrx_word' id='word_1_125' title='bbox 636 2489 701 2570; x_wconf 88' lang='lat'>26.</span> <span class='ocrx_word' id='word_1_126' title='bbox 1128 2570 1129 2574; x_wconf 4' lang='lat' dir='ltr'>a</span> <span class='ocrx_word' id='word_1_127' title='bbox 1730 2482 1734 2489; x_wconf 83' lang='grc'><strong><em>’</em></strong></span> 
     </span>
    </p>

    <p class='ocr_par' dir='ltr' id='par_1_11' title="bbox 291 2600 1780 2838">
     <span class='ocr_line' id='line_1_17' title="bbox 291 2600 1780 2716; baseline -0.002 -28"><span class='ocrx_word' id='word_1_128' title='bbox 291 2632 359 2710; x_wconf 87' lang='lat'>24.</span> <span class='ocrx_word' id='word_1_129' title='bbox 386 2600 565 2716; x_wconf 87' lang='lat' dir='ltr'>Epistola</span> <span class='ocrx_word' id='word_1_130' title='bbox 597 2606 809 2690; x_wconf 87' lang='lat' dir='ltr'>academiae</span> <span class='ocrx_word' id='word_1_131' title='bbox 840 2608 891 2689; x_wconf 92' lang='lat' dir='ltr'>ad</span> <span class='ocrx_word' id='word_1_132' title='bbox 917 2604 1126 2689; x_wconf 87' lang='lat' dir='ltr'>Bowchier</span> <span class='ocrx_word' id='word_1_133' title='bbox 1150 2609 1344 2691; x_wconf 87' lang='lat' dir='ltr'>Cantuar.</span> <span class='ocrx_word' id='word_1_134' title='bbox 1373 2601 1702 2688; x_wconf 87' lang='lat' dir='ltr'>archidiaconum</span> <span class='ocrx_word' id='word_1_135' title='bbox 1731 2606 1780 2686; x_wconf 92' lang='lat' dir='ltr'>de</span> 
     </span>
     <span class='ocr_line' id='line_1_18' title="bbox 387 2722 997 2838; baseline 0.007 -33"><span class='ocrx_word' id='word_1_136' title='bbox 387 2722 575 2833; x_wconf 88' lang='lat' dir='ltr'>gradibus</span> <span class='ocrx_word' id='word_1_137' title='bbox 596 2722 633 2806; x_wconf 90' lang='lat' dir='ltr'>ei</span> <span class='ocrx_word' id='word_1_138' title='bbox 653 2727 852 2823; x_wconf 86' lang='lat' dir='ltr'>concessis,</span> <span class='ocrx_word' id='word_1_139' title='bbox 875 2746 918 2838; x_wconf 86' lang='lat' dir='ltr'>p.</span> <span class='ocrx_word' id='word_1_140' title='bbox 932 2752 997 2836; x_wconf 89' lang='lat'>27.</span> 
     </span>
    </p>

    <p class='ocr_par' dir='ltr' id='par_1_12' title="bbox 288 2839 1782 3194">
     <span class='ocr_line' id='line_1_19' title="bbox 288 2839 1780 2958; baseline -0.004 -29"><span class='ocrx_word' id='word_1_141' title='bbox 288 2869 316 2929; x_wconf 84' lang='lat'><strong>2</strong></span> <span class='ocrx_word' id='word_1_142' title='bbox 321 2869 358 2954; x_wconf 78' lang='grc' dir='ltr'>ς.</span> <span class='ocrx_word' id='word_1_143' title='bbox 387 2841 567 2954; x_wconf 87' lang='lat' dir='ltr'>Epistola</span> <span class='ocrx_word' id='word_1_144' title='bbox 592 2844 804 2933; x_wconf 71' lang='lat' dir='ltr'>academiae</span> <span class='ocrx_word' id='word_1_145' title='bbox 828 2849 879 2932; x_wconf 92' lang='lat' dir='ltr'>ad</span> <span class='ocrx_word' id='word_1_146' title='bbox 908 2848 1108 2958; x_wconf 81' lang='lat' dir='ltr'>quendam</span> <span class='ocrx_word' id='word_1_147' title='bbox 1130 2843 1372 2957; x_wconf 86' lang='lat' dir='ltr'>episcopum,</span> <span class='ocrx_word' id='word_1_148' title='bbox 1403 2841 1548 2953; x_wconf 90' lang='lat' dir='ltr'>inqua</span> <span class='ocrx_word' id='word_1_149' title='bbox 1575 2839 1722 2952; x_wconf 90' lang='lat' dir='ltr'>gratias</span> <span class='ocrx_word' id='word_1_150' title='bbox 1739 2843 1780 2924; x_wconf 90' lang='lat' dir='ltr'>ei</span> 
     </span>
     <span class='ocr_line' id='line_1_20' title="bbox 387 2961 1780 3075; baseline -0.002 -27"><span class='ocrx_word' id='word_1_151' title='bbox 387 2980 521 3073; x_wconf 72' lang='lat' dir='ltr'>‚agunt</span> <span class='ocrx_word' id='word_1_152' title='bbox 531 2988 607 3072; x_wconf 10' lang='lat' dir='ltr'>*pro</span> <span class='ocrx_word' id='word_1_153' title='bbox 622 2961 811 3073; x_wconf 79' lang='lat' dir='ltr'>singulari</span> <span class='ocrx_word' id='word_1_154' title='bbox 819 2965 909 3075; x_wconf 74' lang='lat' dir='ltr'>eius</span> <span class='ocrx_word' id='word_1_155' title='bbox 929 2968 972 3048; x_wconf 89' lang='lat' dir='ltr'>in</span> <span class='ocrx_word' id='word_1_156' title='bbox 990 2964 1234 3050; x_wconf 87' lang='lat' dir='ltr'>academiam</span> <span class='ocrx_word' id='word_1_157' title='bbox 1253 2963 1541 3059; x_wconf 88' lang='lat' dir='ltr'>benevolentia,</span> <span class='ocrx_word' id='word_1_158' title='bbox 1565 2962 1780 3074; x_wconf 78' lang='lat' dir='ltr'>praesertim</span> 
     </span>
     <span class='ocr_line' id='line_1_21' title="bbox 389 3077 1782 3194; baseline 0.001 -32"><span class='ocrx_word' id='word_1_159' title='bbox 389 3077 434 3162; x_wconf 90' lang='lat' dir='ltr'>in</span> <span class='ocrx_word' id='word_1_160' title='bbox 460 3078 632 3190; x_wconf 89' lang='lat' dir='ltr'>negotiis</span> <span class='ocrx_word' id='word_1_161' title='bbox 662 3084 840 3194; x_wconf 86' lang='lat' dir='ltr'>magistri</span> <span class='ocrx_word' id='word_1_162' title='bbox 860 3084 1023 3168; x_wconf 88' lang='lat' dir='ltr'>Ioannis</span> <span class='ocrx_word' id='word_1_163' title='bbox 1043 3085 1196 3193; x_wconf 87' lang='lat' dir='ltr'>Taylor</span> <span class='ocrx_word' id='word_1_164' title='bbox 1213 3087 1279 3170; x_wconf 88' lang='lat' dir='ltr'>cui</span> <span class='ocrx_word' id='word_1_165' title='bbox 1302 3086 1441 3167; x_wconf 89' lang='lat' dir='ltr'>datum</span> <span class='ocrx_word' id='word_1_166' title='bbox 1462 3080 1518 3164; x_wconf 88' lang='lat' dir='ltr'>est</span> <span class='ocrx_word' id='word_1_167' title='bbox 1544 3081 1782 3166; x_wconf 89' lang='lat' dir='ltr'>beneficium</span> 
     </span>
    </p>

    <p class='ocr_par' dir='ltr' id='par_1_13' title="bbox 258 3198 1532 3317">
     <span class='ocr_line' id='line_1_22' title="bbox 258 3198 1532 3317; baseline 0.003 -36"><span class='ocrx_word' id='word_1_168' title='bbox 258 3300 264 3313; x_wconf 26' lang='lat' dir='ltr'>f</span> <span class='ocrx_word' id='word_1_169' title='bbox 386 3201 447 3284; x_wconf 86' lang='lat' dir='ltr'>vel</span> <span class='ocrx_word' id='word_1_170' title='bbox 468 3202 518 3283; x_wconf 91' lang='lat' dir='ltr'>ab</span> <span class='ocrx_word' id='word_1_171' title='bbox 537 3198 621 3313; x_wconf 91' lang='lat' dir='ltr'>ipso</span> <span class='ocrx_word' id='word_1_172' title='bbox 639 3200 823 3317; x_wconf 86' lang='lat' dir='ltr'>episcopo</span> <span class='ocrx_word' id='word_1_173' title='bbox 843 3206 904 3289; x_wconf 87' lang='lat' dir='ltr'>vel</span> <span class='ocrx_word' id='word_1_174' title='bbox 923 3233 971 3289; x_wconf 90' lang='lat' dir='ltr'>eo</span> <span class='ocrx_word' id='word_1_175' title='bbox 990 3204 1218 3316; x_wconf 88' lang='lat' dir='ltr'>postulante</span> <span class='ocrx_word' id='word_1_176' title='bbox 1237 3231 1261 3286; x_wconf 90' lang='lat' dir='ltr'>a</span> <span class='ocrx_word' id='word_1_177' title='bbox 1283 3230 1385 3314; x_wconf 86' lang='lat' dir='ltr'>rege,</span> <span class='ocrx_word' id='word_1_178' title='bbox 1409 3221 1451 3313; x_wconf 83' lang='lat' dir='ltr'>p.</span> <span class='ocrx_word' id='word_1_179' title='bbox 1468 3203 1532 3285; x_wconf 87' lang='lat'>28.</span> 
     </span>
    </p>

    <p class='ocr_par' dir='ltr' id='par_1_14' title="bbox 292 3319 1784 3674">
     <span class='ocr_line' id='line_1_23' title="bbox 292 3319 1784 3436; baseline 0.005 -35"><span class='ocrx_word' id='word_1_180' title='bbox 292 3320 361 3402; x_wconf 86' lang='grc'>26.</span> <span class='ocrx_word' id='word_1_181' title='bbox 390 3319 567 3433; x_wconf 85' lang='lat' dir='ltr'>Epistola</span> <span class='ocrx_word' id='word_1_182' title='bbox 595 3324 807 3409; x_wconf 86' lang='lat' dir='ltr'>academiae</span> <span class='ocrx_word' id='word_1_183' title='bbox 836 3328 886 3410; x_wconf 89' lang='lat' dir='ltr'>ad</span> <span class='ocrx_word' id='word_1_184' title='bbox 906 3328 1100 3411; x_wconf 90' lang='lat' dir='ltr'>Ioannem</span> <span class='ocrx_word' id='word_1_185' title='bbox 1121 3328 1277 3435; x_wconf 87' lang='lat' dir='ltr'>Kempe</span> <span class='ocrx_word' id='word_1_186' title='bbox 1297 3323 1526 3436; x_wconf 89' lang='lat' dir='ltr'>episcopum</span> <span class='ocrx_word' id='word_1_187' title='bbox 1546 3324 1784 3409; x_wconf 86' lang='lat' dir='ltr'>Londinen·</span> 
     </span>
     <span class='ocr_line' id='line_1_24' title="bbox 390 3437 1783 3554; baseline 0.006 -34"><span class='ocrx_word' id='word_1_188' title='bbox 390 3437 485 3535; x_wconf 85' lang='lat' dir='ltr'>sem,</span> <span class='ocrx_word' id='word_1_189' title='bbox 514 3437 658 3550; x_wconf 91' lang='lat' dir='ltr'>inqua</span> <span class='ocrx_word' id='word_1_190' title='bbox 677 3444 824 3551; x_wconf 84' lang='lat' dir='ltr'>gratias</span> <span class='ocrx_word' id='word_1_191' title='bbox 845 3444 880 3527; x_wconf 91' lang='lat' dir='ltr'>ei</span> <span class='ocrx_word' id='word_1_192' title='bbox 900 3465 1028 3554; x_wconf 89' lang='lat' dir='ltr'>agunt</span> <span class='ocrx_word' id='word_1_193' title='bbox 1057 3472 1132 3554; x_wconf 90' lang='lat' dir='ltr'>pro</span> <span class='ocrx_word' id='word_1_194' title='bbox 1151 3442 1349 3554; x_wconf 83' lang='lat' dir='ltr'>praec&#39;laris</span> <span class='ocrx_word' id='word_1_195' title='bbox 1370 3442 1454 3551; x_wconf 86' lang='lat' dir='ltr'>ejus</span> <span class='ocrx_word' id='word_1_196' title='bbox 1476 3442 1519 3525; x_wconf 90' lang='lat' dir='ltr'>in</span> <span class='ocrx_word' id='word_1_197' title='bbox 1540 3437 1783 3529; x_wconf 86' lang='lat' dir='ltr'>academiam</span> 
     </span>
     <span class='ocr_line' id='line_1_25' title="bbox 390 3560 1490 3674; baseline 0 -30"><span class='ocrx_word' id='word_1_198' title='bbox 390 3560 543 3647; x_wconf 90' lang='lat' dir='ltr'>meritis</span> <span class='ocrx_word' id='word_1_199' title='bbox 564 3563 779 3674; x_wconf 79' lang='lat' dir='ltr'>praesertim</span> <span class='ocrx_word' id='word_1_200' title='bbox 798 3565 842 3648; x_wconf 90' lang='lat' dir='ltr'>in</span> <span class='ocrx_word' id='word_1_201' title='bbox 862 3565 1112 3650; x_wconf 88' lang='lat' dir='ltr'>edificatione</span> <span class='ocrx_word' id='word_1_202' title='bbox 1132 3567 1371 3661; x_wconf 88' lang='lat' dir='ltr'>scholarum,</span> <span class='ocrx_word' id='word_1_203' title='bbox 1400 3564 1490 3646; x_wconf 78' lang='lat' dir='ltr'>ibid.</span> 
     </span>
    </p>

    <p class='ocr_par' dir='ltr' id='par_1_15' title="bbox 294 3683 1784 3919">
     <span class='ocr_line' id='line_1_26' title="bbox 294 3683 1782 3799; baseline 0.001 -31"><span class='ocrx_word' id='word_1_204' title='bbox 294 3709 361 3795; x_wconf 89' lang='lat'>27.</span> <span class='ocrx_word' id='word_1_205' title='bbox 389 3685 568 3799; x_wconf 82' lang='lat' dir='ltr'>Epistola</span> <span class='ocrx_word' id='word_1_206' title='bbox 586 3684 798 3770; x_wconf 88' lang='lat' dir='ltr'>academiae</span> <span class='ocrx_word' id='word_1_207' title='bbox 813 3690 862 3770; x_wconf 91' lang='lat' dir='ltr'>ad</span> <span class='ocrx_word' id='word_1_208' title='bbox 877 3687 1082 3773; x_wconf 90' lang='lat' dir='ltr'>Thomam</span> <span class='ocrx_word' id='word_1_209' title='bbox 1099 3684 1297 3768; x_wconf 88' lang='lat' dir='ltr'>Bouchier</span> <span class='ocrx_word' id='word_1_210' title='bbox 1316 3683 1655 3797; x_wconf 87' lang='lat' dir='ltr'>archiepiscopum</span> <span class='ocrx_word' id='word_1_211' title='bbox 1672 3689 1782 3770; x_wconf 88' lang='lat' dir='ltr'>Can-</span> 
     </span>
     <span class='ocr_line' id='line_1_27' title="bbox 388 3797 1784 3919; baseline -0.001 -28"><span class='ocrx_word' id='word_1_212' title='bbox 388 3820 496 3891; x_wconf 83' lang='lat' dir='ltr'>tuar.</span> <span class='ocrx_word' id='word_1_213' title='bbox 522 3797 672 3917; x_wconf 86' lang='lat' dir='ltr'>in&#39;qua</span> <span class='ocrx_word' id='word_1_214' title='bbox 700 3806 848 3916; x_wconf 86' lang='lat' dir='ltr'>gratias</span> <span class='ocrx_word' id='word_1_215' title='bbox 868 3808 904 3892; x_wconf 91' lang='lat' dir='ltr'>ei</span> <span class='ocrx_word' id='word_1_216' title='bbox 928 3826 1056 3918; x_wconf 90' lang='lat' dir='ltr'>agunt</span> <span class='ocrx_word' id='word_1_217' title='bbox 1084 3835 1159 3918; x_wconf 89' lang='lat' dir='ltr'>pro</span> <span class='ocrx_word' id='word_1_218' title='bbox 1178 3803 1367 3916; x_wconf 78' lang='lat' dir='ltr'>singulari</span> <span class='ocrx_word' id='word_1_219' title='bbox 1398 3804 1674 3889; x_wconf 87' lang='lat' dir='ltr'>benevolentia</span> <span class='ocrx_word' id='word_1_220' title='bbox 1703 3836 1784 3919; x_wconf 90' lang='lat' dir='ltr'>qua</span> 
     </span>
    </p>
   </div>
   <div class='ocr_carea' id='block_1_3' title="bbox 258 3922 1784 4154">
    <p class='ocr_par' dir='ltr' id='par_1_16' title="bbox 258 3922 1784 4154">
     <span class='ocr_line' id='line_1_28' title="bbox 386 3922 1784 4044; baseline 0.002 -35"><span class='ocrx_word' id='word_1_221' title='bbox 386 3922 681 4035; x_wconf 85' lang='lat' dir='ltr'>rempublicam</span> <span class='ocrx_word' id='word_1_222' title='bbox 702 3954 840 4013; x_wconf 87' lang='lat' dir='ltr'>eorum</span> <span class='ocrx_word' id='word_1_223' title='bbox 862 3925 1057 4016; x_wconf 64' lang='lat' dir='ltr'>hedenus</span> <span class='ocrx_word' id='word_1_224' title='bbox 1078 3926 1134 4013; x_wconf 86' lang='lat' dir='ltr'>est</span> <span class='ocrx_word' id='word_1_225' title='bbox 1152 3926 1400 4044; x_wconf 86' lang='lat' dir='ltr'>complexus,</span> <span class='ocrx_word' id='word_1_226' title='bbox 1428 3944 1469 4008; x_wconf 90' lang='lat' dir='ltr'>et</span> <span class='ocrx_word' id='word_1_227' title='bbox 1484 3944 1656 4012; x_wconf 82' lang='lat' dir='ltr'>..exorant</span> <span class='ocrx_word' id='word_1_228' title='bbox 1673 3947 1721 4010; x_wconf 89' lang='lat' dir='ltr'>ut</span> <span class='ocrx_word' id='word_1_229' title='bbox 1738 3927 1784 4012; x_wconf 90' lang='lat' dir='ltr'>in</span> 
     </span>
     <span class='ocr_line' id='line_1_29' title="bbox 258 4042 924 4154; baseline 0.006 -29"><span class='ocrx_word' id='word_1_230' title='bbox 258 4052 261 4059; x_wconf 87' lang='grc'><strong>’</strong></span> <span class='ocrx_word' id='word_1_231' title='bbox 388 4045 527 4126; x_wconf 86' lang='lat' dir='ltr'>eadem</span> <span class='ocrx_word' id='word_1_232' title='bbox 547 4042 778 4153; x_wconf 87' lang='lat' dir='ltr'>perseveret,</span> <span class='ocrx_word' id='word_1_233' title='bbox 800 4062 842 4154; x_wconf 85' lang='lat' dir='ltr'>p.</span> <span class='ocrx_word' id='word_1_234' title='bbox 859 4072 924 4154; x_wconf 82' lang='lat'>29.</span> 
     </span>
    </p>
   </div>
   <div class='ocr_carea' id='block_1_4' title="bbox 223 4158 1785 4729">
    <p class='ocr_par' dir='ltr' id='par_1_17' title="bbox 223 4158 1785 4636">
     <span class='ocr_line' id='line_1_30' title="bbox 223 4158 1785 4275; baseline 0.001 -28"><span class='ocrx_word' id='word_1_235' title='bbox 223 4175 225 4178; x_wconf 82' lang='grc'><strong>’</strong></span> <span class='ocrx_word' id='word_1_236' title='bbox 295 4158 361 4247; x_wconf 88' lang='grc'>28.</span> <span class='ocrx_word' id='word_1_237' title='bbox 388 4162 529 4249; x_wconf 73' lang='lat' dir='ltr'>‚Letter</span> <span class='ocrx_word' id='word_1_238' title='bbox 547 4160 656 4246; x_wconf 86' lang='lat' dir='ltr'>from</span> <span class='ocrx_word' id='word_1_239' title='bbox 675 4161 774 4273; x_wconf 81' lang='lat' dir='ltr'>king</span> <span class='ocrx_word' id='word_1_240' title='bbox 792 4165 966 4254; x_wconf 87' lang='lat' dir='ltr'>Edward</span> <span class='ocrx_word' id='word_1_241' title='bbox 983 4166 1053 4251; x_wconf 83' lang='lat' dir='ltr'>IV.</span> <span class='ocrx_word' id='word_1_242' title='bbox 1083 4179 1124 4247; x_wconf 92' lang='lat' dir='ltr'>to</span> <span class='ocrx_word' id='word_1_243' title='bbox 1148 4162 1219 4253; x_wconf 85' lang='lat' dir='ltr'>the</span> <span class='ocrx_word' id='word_1_244' title='bbox 1238 4162 1465 4273; x_wconf 81' lang='lat' dir='ltr'>univerfity‚</span> <span class='ocrx_word' id='word_1_245' title='bbox 1492 4163 1785 4275; x_wconf 89' lang='lat' dir='ltr'>commanding</span> 
     </span>
     <span class='ocr_line' id='line_1_31' title="bbox 412 4280 1785 4396; baseline 0.002 -32"><span class='ocrx_word' id='word_1_246' title='bbox 412 4280 532 4364; x_wconf 75' lang='lat' dir='ltr'>them</span> <span class='ocrx_word' id='word_1_247' title='bbox 551 4297 627 4363; x_wconf 89' lang='lat' dir='ltr'>not</span> <span class='ocrx_word' id='word_1_248' title='bbox 645 4297 689 4364; x_wconf 91' lang='lat' dir='ltr'>to</span> <span class='ocrx_word' id='word_1_249' title='bbox 708 4284 875 4393; x_wconf 87' lang='lat' dir='ltr'>proceed</span> <span class='ocrx_word' id='word_1_250' title='bbox 893 4300 936 4366; x_wconf 91' lang='lat' dir='ltr'>to</span> <span class='ocrx_word' id='word_1_251' title='bbox 948 4284 1017 4366; x_wconf 91' lang='lat' dir='ltr'>the</span> <span class='ocrx_word' id='word_1_252' title='bbox 1031 4280 1202 4367; x_wconf 72' lang='lat' dir='ltr'>elediion</span> <span class='ocrx_word' id='word_1_253' title='bbox 1218 4280 1267 4366; x_wconf 85' lang='lat' dir='ltr'>of</span> <span class='ocrx_word' id='word_1_254' title='bbox 1283 4310 1306 4365; x_wconf 93' lang='lat' dir='ltr'>a</span> <span class='ocrx_word' id='word_1_255' title='bbox 1326 4283 1440 4365; x_wconf 89' lang='lat' dir='ltr'>bcdel</span> <span class='ocrx_word' id='word_1_256' title='bbox 1456 4280 1519 4365; x_wconf 90' lang='lat' dir='ltr'>till</span> <span class='ocrx_word' id='word_1_257' title='bbox 1537 4285 1606 4368; x_wconf 89' lang='lat' dir='ltr'>the</span> <span class='ocrx_word' id='word_1_258' title='bbox 1619 4283 1785 4396; x_wconf 89' lang='lat' dir='ltr'>coming</span> 
     </span>
     <span class='ocr_line' id='line_1_32' title="bbox 255 4394 1783 4517; baseline 0.005 -34"><span class='ocrx_word' id='word_1_259' title='bbox 255 4400 258 4407; x_wconf 83' lang='lat'>&#39;</span> <span class='ocrx_word' id='word_1_260' title='bbox 417 4398 571 4484; x_wconf 88' lang='lat' dir='ltr'>thither</span> <span class='ocrx_word' id='word_1_261' title='bbox 589 4399 639 4483; x_wconf 92' lang='lat' dir='ltr'>of</span> <span class='ocrx_word' id='word_1_262' title='bbox 651 4403 803 4515; x_wconf 89' lang='lat' dir='ltr'>Nevyle</span> <span class='ocrx_word' id='word_1_263' title='bbox 822 4394 1130 4516; x_wconf 62' lang='lat' dir='ltr'>archhilhop&#39;of</span> <span class='ocrx_word' id='word_1_264' title='bbox 1143 4403 1257 4485; x_wconf 87' lang='lat' dir='ltr'>York</span> <span class='ocrx_word' id='word_1_265' title='bbox 1272 4401 1383 4486; x_wconf 80' lang='lat' dir='ltr'>their</span> <span class='ocrx_word' id='word_1_266' title='bbox 1398 4401 1640 4504; x_wconf 87' lang='lat' dir='ltr'>chancellor,</span> <span class='ocrx_word' id='word_1_267' title='bbox 1662 4421 1702 4513; x_wconf 86' lang='lat' dir='ltr'>p.</span> <span class='ocrx_word' id='word_1_268' title='bbox 1717 4432 1783 4517; x_wconf 83' lang='lat'>37.</span> 
     </span>
     <span class='ocr_line' id='line_1_33' title="bbox 289 4519 1784 4636; baseline 0.005 -33"><span class='ocrx_word' id='word_1_269' title='bbox 289 4544 359 4636; x_wconf 82' lang='lat'>29.</span> <span class='ocrx_word' id='word_1_270' title='bbox 381 4522 513 4615; x_wconf 64' lang='lat' dir='ltr'>From</span> <span class='ocrx_word' id='word_1_271' title='bbox 532 4519 737 4627; x_wconf 78' lang='lat' dir='ltr'>thelame,</span> <span class='ocrx_word' id='word_1_272' title='bbox 758 4523 953 4636; x_wconf 74' lang='lat' dir='ltr'>diredting</span> <span class='ocrx_word' id='word_1_273' title='bbox 972 4522 1084 4619; x_wconf 85' lang='lat' dir='ltr'>them</span> <span class='ocrx_word' id='word_1_274' title='bbox 1104 4541 1148 4606; x_wconf 92' lang='lat' dir='ltr'>to</span> <span class='ocrx_word' id='word_1_275' title='bbox 1167 4522 1335 4636; x_wconf 85' lang='lat' dir='ltr'>proceed</span> <span class='ocrx_word' id='word_1_276' title='bbox 1353 4538 1398 4607; x_wconf 92' lang='lat' dir='ltr'>to</span> <span class='ocrx_word' id='word_1_277' title='bbox 1418 4521 1487 4605; x_wconf 91' lang='lat' dir='ltr'>the</span> <span class='ocrx_word' id='word_1_278' title='bbox 1508 4523 1677 4610; x_wconf 72' lang='lat' dir='ltr'>elediion</span> <span class='ocrx_word' id='word_1_279' title='bbox 1695 4525 1745 4609; x_wconf 89' lang='lat' dir='ltr'>of</span> <span class='ocrx_word' id='word_1_280' title='bbox 1760 4554 1784 4610; x_wconf 90' lang='lat' dir='ltr'>a</span> 
     </span>
    </p>

    <p class='ocr_par' dir='ltr' id='par_1_18' title="bbox 1658 4645 1784 4729">
     <span class='ocr_line' id='line_1_34' title="bbox 1658 4645 1784 4729; baseline 0.016 -2"><span class='ocrx_word' id='word_1_281' title='bbox 1658 4645 1784 4729; x_wconf 84' lang='lat' dir='ltr'>chan·</span> 
     </span>
    </p>
   </div>
   <div class='ocr_carea' id='block_1_5' title="bbox 824 4967 1194 5161">
    <p class='ocr_par' dir='ltr' id='par_1_19' title="bbox 824 4967 1194 5161">
     <span class='ocr_line' id='line_1_35' title="bbox 824 4967 1194 5058; baseline 0 -19"><span class='ocrx_word' id='word_1_282' title='bbox 824 4967 893 5058; x_wconf 65' lang='lat' dir='ltr'>tn]</span> <span class='ocrx_word' id='word_1_283' title='bbox 910 4967 980 5038; x_wconf 65' lang='lat' dir='ltr'>Vere</span> <span class='ocrx_word' id='word_1_284' title='bbox 993 4969 1078 5056; x_wconf 84' lang='lat' dir='ltr'>supra</span> <span class='ocrx_word' id='word_1_285' title='bbox 1095 4971 1194 5058; x_wconf 76' lang='lat'><strong>4-6.</strong></span> 
     </span>
     <span class='ocr_line' id='line_1_36' title="bbox 942 5078 1073 5161; baseline -0.008 0"><span class='ocrx_word' id='word_1_286' title='bbox 942 5079 982 5161; x_wconf 88' lang='lat' dir='ltr'>D</span> <span class='ocrx_word' id='word_1_287' title='bbox 1001 5078 1073 5161; x_wconf 87' lang='lat' dir='ltr'>dd</span> 
     </span>
    </p>
   </div>
   <div class='ocr_carea' id='block_1_6' title="bbox 0 0 2132 5908">
    <p class='ocr_par' dir='ltr' id='par_1_20' title="bbox 0 0 2132 5908">
     <span class='ocr_line' id='line_1_37' title="bbox 0 0 2132 5908; baseline 0 0"><span class='ocrx_word' id='word_1_288' title='bbox 0 0 2132 5908; x_wconf 95' lang='lat' dir='ltr'> </span> 
     </span>
    </p>
   </div>
  </div>
 </body>
</html>
