4214 5910
781 725 1150 826 :ccccxxnl
1664 756 1760 850 395

271 951 349 1028 aa.
375 919 557 1032 Epistola
589 915 778 1002 Iohannis
809 918 966 1001 comitis
994 906 1216 1026 Wigoruiae
1244 917 1296 995 ad
1323 915 1583 1010 academiam,
1608 911 1654 994 in
1684 940 1766 1021 qua

371 1041 579 1162 promittit
598 1041 634 1124 se
653 1043 844 1123 daturum
864 1040 941 1123 illis
965 1041 1087 1124 libros
1111 1064 1288 1150 quorum
1311 1035 1460 1118 indices'
1477 1036 1646 1132 miserat,
1674 1038 1767 1117 data

371 1163 548 1248 Pataviae
569 1192 593 1275 7
610 1165 705 1246 Feb.
729 1165 843 1269 1468.

268 1318 346 1409 43.
374 1285 554 1399 Epistola
572 1283 737 1394 Georgii
755 1284 911 1370 Nerille
933 1283 1211 1396 archiepiscopi
1226 1283 1352 1364 Ebor.
1373 1283 1424 1363 ad
1451 1280 1692 1364 academiam
1722 1282 1766 1362 in

376 1437 458 1527 qua
488 1426 616 1518 rogat,
648 1421 744 1491 “ut
770 1408 969 1528 Rohertus
994 1413 1138 1489 Canon
1170 1437 1217 1488 eo
1245 1404 1376 1487 officio
1409 1407 1623 1498 donaretur
1657 1404 1766 1513 quod

377 1532 625 1614 “lohannes
652 1520 786 1620 Canae
815 1554 945 1642 nuper
966 1524 1190 1627 .ohtinuit,''
1217 1523 1320 1609 data
1338 1554 1384 1609 ex
1414 1527 1592 1610 manerio
1620 1526 1690 1611 suo
1718 1529 1767 1607 de

376 1659 495 1738 More
514 1654 669 1736 kalend.
691 1659 788 1736 Dec.
811 1659 927 1764 1469.

271 1808 347 1886 .·44.
372 1776 554 1889 Epistola
579 1775 765 1884 ejusdem,
789 1779 902 1886 quod
927 1776 1082 1860 summa
1105 1801 1181 1895 ope
1204 1771 1413 1869 laboravit,
1444 1789 1493 1854 ut
1515 1772 1638 1855 libros
1662 1799 1765 1884 quos

369 1899 606 2011 ipse-comes
626 1897 850 2008 Wigorniae
870 1898 1080 1982 academiae
1103 1900 1270 1980 daturus
1294 1914 1391 1994 erat,
1418 1923 1467 1976 eo
1493 1895 1574 1999 jam
1603 1914 1766 1978 mortuo

373 2023 429 2104 eis
453 2021 721 2120 redderentur,
747 2048 799 2104 ex
821 2022 949 2104 domo
967 2020 1037 2104 sua
1057 2022 1164 2132 apud
1182 2018 1406 2102 Westmon.
1433 2046 1480 2128 15
1500 2018 1579 2099 kal.
1597 2023 1767 2103 Decem-

370 2143 471 2240 bris,
528 2147 618 2227 .66.

270 2294 346 2379 45.
373 2161 552 2376 Epistciia
585 2263 795 2351 academia
832 2266 882 2347 ad
913 2293 1073 2380 papam,
1113 2264 1269 2375 inqua
1303 2264 1557 2372 gratulantur
1591 2263 1625 2346 ei
1656 2264 1767 2375 quod

375 2388 693 2497 gubernaculum
727 2386 922 2470 runiversae
954 2387 1119 2471 ecclesiae
1153 2386 1201 2470 fit
1228 2385 1266 2469 ei
1298 2411 1327 2475 a.
1352 2383 1488 2467 divina
1517 2386 1768 2498 providentia

376 2509 590 2608 tributum,
612 2509 735 2618 p.-68.
1735 2509 1739 2518 ’

271 2638 347 2740 ,46
377 2629 553 2743 Epistola
573 2630 783 2714 academiae
805 2634 855 2713 ad
875 2631 1097 2745 Georgium
1116 2629 1272 2715 Neville
1289 2629 1626 2742 archiepiscopum
1645 2634 1768 2716 Ebor.
1928 2626 1931 2635 ’

370 2755 422 2838 ,in
440 2782 522 2865 qua
540 2773 684 2871 rogant
703 2774 750 2837 ut
778 2766 805 2804 “
823 2754 947 2837 libros
968 2753 1057 2838 illos
1076 2754 1224 2866 quibus
1244 2781 1268 2835 a
1285 2752 1507 2870 Wigornia
1525 2754 1672 2837 comite
1690 2782 1770 2838 nu·

379 2889 407 2962 ⁵³
427 2876 560 2988 perius
581 2876 777 2960 defundio
803 2875 1002 2961 academia
1026 2896 1111 2960 erat
1132 2878 1282 2959 donata
1299 2876 1350 2958 ad
1375 2877 1551 2958 valorem
1571 2876 1770 2987 quingen-

272 3011 277 3017 ’
382 3012 409 3047 “
431 3017 564 3082 tarum
589 2998 717 3084 serme
745 3028 970 3085 marcarum
996 3000 1052 3083 eis
1079 2998 1259 3082 obtinere
1284 2997 1440 3081 summa
1464 2997 1532 3080 sua
1559 3000 1774 3110 prudentia

382 3135 409 3169 “
431 3122 700 3231 dignaretur,’'
719 3143 762 3233 p.
777 3127 842 3232 69.

274 3274 352 3357 47.
380 3243 559 3354 Epistola
584 3247 792 3329 academiae
821 3247 872 3328 ad
891 3273 1024 3354 regern
1044 3246 1287 3327 Edwardum
1304 3248 1374 3326 IV.
1392 3243 1438 3325 in
1463 3272 1543 3354 qua
1570 3245 1715 3354 gratias
1734 3247 1770 3328 ei

381 3386 509 3476 agunt
529 3369 641 3478 quod
658 3367 906 3451 cantuariam
926 3385 1160 3479 perpetuam
1181 3365 1429 3463 fundaverat,
1449 3386 1488 3449 et
1508 3395 1596 3450 eam
1615 3368 1770 3478 quoties
1924 3445 1945 3469 ,,
2037 3436 2041 3445 ,

381 3489 577 3572 vacaverit
604 3490 760 3572 erudito
791 3492 968 3602 quodam
997 3490 1185 3598 theologo
1215 3489 1266 3572 ab
1296 3488 1494 3572 academia
1524 3492 1771 3575 nominando
2062 3477 2092 3599 f

380 3611 664 3694 conferendam
691 3615 912 3697 decreverat
942 3615 1012 3723 [ad
1040 3639 1164 3722 quam
1193 3610 1408 3694 nominant
1441 3613 1672 3721 magistrum
1705 3620 1769 3698 Ιο-
1894 3600 1970 3723 ζξιξ

373 3733 558 3824 hannem
576 3735 749 3846 Taylorl
767 3755 810 3823 et
837 3739 948 3846 quod
970 3733 1396 3845 ledtur‘amtheologiae
1411 3733 1494 3818 sine
1521 3737 1770 3821 audientium
1884 3736 1986 3819 ι’

383 3855 568 3967 impensis
588 3857 836 3957 concesserat,
858 3879 901 3970 p.
912 3887 981 3968 70.
1746 3944 1748 3950 ,

274 3977 352 4085 48.
381 3978 559 4090 Epistola
573 4025 854 4046 ----
874 3984 923 4062 ad
943 3980 1197 4077 academiam,
1220 3980 1370 4090 vinqua
1397 3980 1543 4090 gratias
1563 3983 1644 4090 agit
1663 3987 1772 4093 quod

382 4129 431 4185 ex
447 4129 557 4188 mero
571 4120 687 4186 motu
702 4103 1038 4214 suo-capellanum
1052 4102 1135 4208 ejus
1148 4103 1344 4210 G.Asogh
1360 4102 1402 4185 in
1418 4103 1548 4186 filium
1563 4107 1771 4189 academiae

380 4225 678 4336 adoptaverant,
707 4227 801 4311 data
818 4255 866 4311 ex
885 4222 1064 4309 manerio
1081 4225 1153 4308 suo
1170 4227 1218 4306 de
1239 4227 1387 4307 Sheene
1409 4254 1429 4334 3
1449 4229 1555 4308 Nov.
1578 4247 1619 4335 p.
1633 4257 1658 4337 7
1663 4257 1699 4337 ς.

274 4375 352 4455 ,49.
381 4345 559 4459 Epistola
586 4344 794 4433 academie
821 4349 872 4433 ad
897 4348 1142 4439 Edwardum
1167 4344 1299 4429 filium
1327 4347 1428 4457 regis
1447 4348 1613 4434 Hemici
1629 4355 1700 4433 Vl.
1726 4351 1768 4433 in

382 4496 465 4578 qua
483 4489 600 4555 orant
628 4490 676 4554 ut
693 4461 921 4559 tutelamet
938 4469 1204 4557 defensionem
1233 4469 1442 4554 academia
1461 4469 1511 4553 in
1525 4470 1565 4554 se
1580 4470 1770 4584 suscipere

381 4592 626 4700 dignaretur,
656 4596 746 4678 ibid.

287 4739 352 4821 50.
382 4715 785 4825 Epistolaacademiae
806 4719 856 4800 ad
874 4715 1126 4805 Fredericum
1146 4721 1426 4801 Romanorum
1444 4743 1575 4827 regem
1596 4719 1649 4801 vde
1677 4749 1772 4832 pace

382 4851 422 4917 et
440 4838 595 4922 unitate
613 4838 708 4922 sedis
728 4840 950 4952 apostolicae
972 4838 1224 4937 stabiliendis,
1246 4859 1289 4950 p.
1303 4867 1369 4950 77.

287 4985 353 5067 51.
383 4965 422 5041 A
441 4978 536 5044 note
563 4961 723 5044 written
750 4964 802 5074 by
821 4961 1055 5074 archbishop
1075 4962 1219 5044 Parket
1243 4962 1333 5044 that
1360 4962 1428 5045 the
1444 4968 1564 5047 Mas.
1584 4963 1772 5077 formerly

381 5081 480 5199 kept
509 5082 551 5166 in
581 5084 650 5168 the
678 5083 1019 5201 divinityschools
1052 5103 1093 5167 at
1119 5083 1279 5168 oxford
1301 5112 1406 5170 urere
1429 5086 1514 5170 sold
1546 5107 1591 5202 to
1620 5088 1772 5172 Christ-

325 5280 328 5285 .
381 5205 559 5306 Church,
581 5225 624 5321 p.
638 5235 706 5320 79.

886 5330 1063 5417 Ddda
1584 5360 1649 5440 52·
1679 5334 1771 5418 The
