4214 5910
273 778 279 787 ‚
351 654 408 747 ri
1039 645 1224 741 xxrrr.

400 865 464 922 ro.
495 840 557 920 De
590 839 679 918 loco
713 834 755 916 in
792 861 874 944 quo
907 831 1086 915 martires
1116 832 1210 945 palli
1245 829 1338 914 sunt
1369 860 1477 916 nunc
1515 831 1792 945 baptisterium
1830 839 1886 924 est

495 959 722 1069 Calagorra.

403 1107 464 1163 11.
496 1080 620 1163 Paffio
645 1079 767 1161 sandi
789 1077 969 1160 Cassiani.

401 1230 463 1286 12.
493 1205 555 1284 De
576 1201 746 1313 palsrone
766 1200 889 1283 santii
910 1197 1094 1309 Hypoliti
1116 1198 1165 1279 ad
1185 1195 1444 1282 Valerianum
1465 1197 1706 1312 episcopum.

403 1353 464 1435 13·
493 1325 619 1407 Paffio
640 1323 938 1434 Apostolorum.
1005 1325 1008 1329 ’

403 1465 465 1552 14.
495 1447 619 1529 Paffio
640 1444 742 1526 beati
764 1442 953 1556 Cypriani
974 1439 1160 1524 martiris.

401 1596 416 1651 1
426 1596 463 1676 ς.
492 1566 617 1652 Paffio
636 1567 779 1650 sanc‘lae
799 1556 966 1676 Agnetis
984 1563 1162 1672 virginis.

400 1693 462 1773 16.
493 1689 637 1773 Versus
663 1689 937 1773 Constantinae
960 1685 1213 1769 Constantini
1233 1685 1325 1768 filiae
1345 1684 1476 1800 scripti
1496 1687 1538 1771 in
1558 1687 1690 1800 apsida
1716 1689 1883 1774 basrlicae

492 1838 617 1921 quam
636 1811 814 1894 condidit
833 1810 876 1893 in
898 1809 1049 1891 honore
1067 1807 1210 1890 sandiae
1230 1814 1378 1916 Agnes.

334 1953 350 1986 ·'
399 1960 461 2043 17.
491 1933 633 2016 Versus
655 1932 815 2017 Damasi
834 1930 1003 2043 episcopi
1022 1932 1221 2013 decadem
1243 1958 1297 2012 re.

398 2056 463 2137 18.
490 2061 746 2166 Fragmentum
764 2055 856 2140 libri
873 2051 992 2167 primi
1013 2071 1153 2136 contra
1174 2053 1470 2162 Symmachum.

391 2181 503 2261 Hunc
530 2179 679 2262 codicem
699 2181 866 2290 iefignem
894 2177 1038 2287 ecclestae
1062 2175 1351 2287 Mulmburiensts
1377 2180 1548 2288 quondam
1565 2177 1680 2290 fuiffe
1704 2182 1799 2263 ducet
1818 2184 1880 2265 in-

324 2301 481 2410 firtptio
500 2331 579 2410 quae
584 2301 755 2412 sequitur
768 2302 885 2382 literis
903 2301 1088 2407 Saxonicis
1103 2299 1301 2411 rrrep'usculis
1319 2301 1359 2381 in
1366 2302 1523 2411 secundo
1533 2305 1677 2412 pagina
1695 2324 1863 2391 exarata.

478 2433 506 2468 “
527 2426 639 2503 Hunc
657 2425 851 2533 quicunque
868 2421 1001 2503 librum
1020 2420 1208 2504 Aedhelmo
1226 2420 1426 2532 depresseris
1443 2425 1534 2507 almo

477 2556 505 2591 “
525 2547 737 2628 Damnatus
741 2547 883 2656 semper
899 2573 1040 2626 maneas
1058 2572 1137 2625 cum
1143 2544 1244 2655 sorte
1261 2546 1433 2627 mulorum

476 2678 503 2711 “
524 2668 585 2747 Sit
596 2669 735 2776 pietate
752 2669 833 2750 Dei
837 2669 918 2777 stne
937 2667 1001 2776 qui
1018 2662 1081 2747 vel
1088 2682 1209 2775 portet
1226 2666 1273 2746 ab
1291 2665 1352 2774 isto

481 2799 508 2833 ‘⁴
529 2788 692 2872 Coenobio
709 2790 841 2872 librum
861 2789 1048 2871 Aedhelmi
1065 2789 1158 2868 hunc
1174 2788 1238 2869 vel
1251 2788 1403 2870 vendere
1418 2807 1562 2901 temptet

474 2919 501 2955 “
522 2911 599 3014 Qui
614 2912 699 3020 legis
715 2913 898 3024 ieffcrrptos
915 2910 1036 3021 versus
1053 2910 1217 3018 rogitare
1231 2929 1395 2993 memento

473 3042 499 3077 “
523 3032 698 3140 Christum
716 3062 760 3114 uc
779 3035 819 3113 in
837 3034 956 3142 requie
960 3033 1103 3144 stuper
1120 3031 1181 3113 dic
1196 3033 1310 3114 vivat
1326 3033 1548 3117 AEhelward

471 3162 500 3198 “
521 3155 597 3258 Qui
612 3154 710 3237 dedit
726 3156 821 3238 hune
837 3154 970 3237 librum
988 3150 1255 3266 Aedhelmopru
1271 3183 1336 3266 quo
1342 3155 1420 3265 fibi
1437 3156 1595 3268 Christus

470 3286 497 3321 “
519 3279 681 3358 Munera
696 3280 805 3387 larga
815 3279 928 3387 ferat
945 3278 1103 3385 largitor
1122 3278 1281 3361 crimina
1297 3278 1461 3361 laeaasf

878 3431 904 3484 u
961 3430 987 3482 u
1044 3430 1070 3482 u
1128 3428 1154 3482 u
1211 3429 1238 3483 u
1294 3430 1321 3484 u

254 3530 256 3534 ‚
386 3551 487 3631 Pars
503 3576 589 3629 vero
606 3549 709 3659 hujus
726 3550 854 3635 codicis
862 3550 1046 3662 posterior,
1051 3550 1169 3659 seculo
1186 3551 1229 3631 xi
1245 3570 1402 3633 exarata
1419 3553 1585 3650 continet,

392 3699 455 3780 19.
485 3666 620 3752 sancti
640 3671 770 3757 orosii
790 3670 972 3756 Ormesta
992 3668 1148 3753 mundi.

975 3864 1218 3983 XXIV.

384 4021 499 4105 Codex
521 4021 804 4111 menrbeanuceus
821 4029 970 4139 infolio
986 4059 1066 4113 cum
1082 4031 1150 4113 hac
1166 4028 1408 4145 inscriptione,
1439 4037 1466 4075 ‘⁸
1487 4023 1606 4112 Liber
1624 4029 1688 4139 qui
1703 4030 1874 4114 intitulu-
1904 3999 1906 4004 Ι
1955 4132 1958 4138 ¹

223 4262 225 4267 Ι
330 4153 358 4193 “
375 4162 441 4228 tur
457 4143 507 4226 de
522 4143 641 4230 causa
660 4148 740 4233 Dei
757 4168 898 4236 contra
917 4150 1123 4265 Pelagium
1140 4148 1381 4264 compilatus
1396 4165 1436 4233 et
1452 4147 1580 4234 editus
1604 4177 1674 4262 per
1693 4179 1874 4237 reveren-

1723 4277 1872 4360 “dum

386 4560 457 4732 ro}
471 4562 548 4629 ibid.
566 4584 619 4652 29.

384 4668 435 4718 12.
472 4647 548 4714 ibid.
567 4667 620 4736 30.

384 4742 455 4833 13.]
471 4739 548 4809 ibid.
564 4763 619 4832 3¹·

258 4859 262 4866 ’
383 4836 455 4924 14.]
471 4837 546 4904 ibid.
563 4859 617 4926 32.

383 4933 453 5022 ις.]
468 4933 544 5001 ibid.
561 4953 614 5023 33.

382 5029 454 5113 18.]
470 5029 546 5096 ibid.
565 5051 618 5117 34.

380 5125 500 5197 XXIV
516 5127 532 5212 ]
550 5129 604 5200 Ver
617 5127 685 5197 cu.
700 5124 756 5203 M.
770 5125 803 5197 6.
818 5121 918 5219 Mrr.
934 5127 1019 5212 Aur.
1038 5119 1242 5217 ¹4²3-1ti·
