4214 5910
290 646 384 745 266
933 638 1254 737 CLXXXIX.

436 832 564 937 “dam
581 828 709 928 libris)
731 826 903 938 petendum
925 826 1128 909 monachum
1147 832 1187 910 S.
1197 832 1301 941 Aug.
1292 860 1380 943 quc
1377 832 1486 941 ''suct
1503 836 1703 949 coeffeſjir
1684 871 1727 924 m
1744 847 1813 927 cul
1807 877 1833 928 ιι

438 955 590 1062 “regia
610 969 643 1032 et
660 982 768 1032 verus
782 946 934 1062 poſjeffir
952 949 1092 1058 hujusl
1075 948 1203 1033 libril’
1259 1014 1263 1019 .

955 1159 1145 1277 CXC.

336 1327 450 1410 Codex
466 1322 793 1407 membranaceus
775 1354 816 1404 ιιι
830 1323 910 1433 sol
893 1356 941 1421 co,
965 1328 1095 1406 minor.
1122 1323 1293 1437 quondam
1311 1324 1516 1435 Exoniensts
1535 1329 1679 1439 ecclefiae
1698 1335 1761 1415 cui
1786 1355 1829 1417 ut

279 1451 428 1533 videtur
446 1479 470 1530 ιι
488 1447 657 1556 Leosrico
676 1448 825 1560 episcopo
851 1448 997 1530 donatus
1008 1446 1111 1557 suit,
1140 1451 1205 1560 qui
1221 1449 1321 1531 illum
1331 1448 1389 1559 fic
1408 1448 1584 1561 icffcrc'pfit
1608 1457 1741 1560 Sempe
1761 1462 1826 1536 boc

279 1600 326 1650 on
343 1571 537 1679 Englncs
520 1600 560 1649 m
579 1601 644 1680 quo
657 1570 764 1679 pluc'
748 1600 822 1650 ema
841 1573 1066 1653 continentur
1084 1571 1225 1684 opuscul
1219 1602 1260 1651 ιι
1265 1587 1342 1652 tam
1361 1571 1502 1653 Latine
1525 1603 1630 1684 quam
1650 1577 1827 1663 Saxonice

270 1693 583 1806 scriptcfiquentc
599 1693 733 1788 ordene,

340 1814 551 1926 1.lInsccc
569 1816 757 1923 rejetlittc,
787 1814 977 1925 Hymnus
997 1842 1091 1900 cum
1119 1814 1226 1900 notis
1256 1758 1428 1914 musicis,
1458 1832 1493 1896 et
1515 1816 1604 1900 cd
1586 1849 1697 1902 cneum
1724 1825 1828 1934 brej'us

390 1938 486 2048 solii
503 1968 611 2019 manu
629 1937 841 2020 neotericcl
832 1969 899 2020 nec
916 1941 1113 2053 inscriptio,

336 2071 415 2143 2.‘
420 2060 713 2143 ‘penitentiale
733 2064 772 2141 T
774 2059 937 2144 heodon
956 2061 1278 2175 archiepiscopi‚'’

286 2198 289 2203 ’
402 2183 623 2292 Hccsoliccm
638 2183 772 2293 excipit
791 2183 897 2266 index
910 2185 1027 2267 eadem
1040 2188 1193 2297 antiqua
1210 2215 1319 2268 manu
1336 2205 1508 2266 exaratus
1524 2214 1569 2267 cc
1588 2188 1704 2287 codex,
1725 2219 1826 2301 quem

403 2307 541 2388 lectoris
559 2308 598 2387 in
614 2307 780 2414 gratiam
798 2307 992 2419 exscribere
1007 2338 1074 2391 non
1080 2310 1166 2420 stem
1180 2327 1377 2416 grauatus,
1398 2307 1716 2419 quoscciliorfiat
1733 2344 1826 2395 com-

396 2431 546 2538 paratio
565 2429 667 2536 hcp'cn
686 2428 813 2510 codicis
830 2459 909 2511 cum
926 2430 1012 2510 aliis
1030 2432 1175 2543 ey'ccsdem
1187 2430 1344 2540 generis.

404 2563 432 2597 “
452 2553 751 2633 INCIPIUNT
776 2554 1062 2635 CAPITULA
1088 2556 1165 2635 DE
1193 2555 1385 2635 INITIIS
1413 2552 1781 2637 CREATURAE.”

403 2678 448 2756 In
466 2674 580 2757 codice
593 2673 665 2786 sub
687 2675 748 2754 hoc
765 2674 870 2757 titulo
889 2677 1128 2773 continentur,
1161 2686 1187 2721 “
1208 2678 1240 2756 Ι.
1259 2678 1321 2758 De
1340 2671 1458 2756 initio
1478 2690 1681 2774 creaturae,
1711 2676 1826 2760 idest

404 2794 614 2879 “historia
638 2793 846 2879 creationis
874 2822 922 2878 ex
950 2797 1054 2879 libro
1075 2797 1270 2880 Geneseos
1289 2814 1329 2879 et
1354 2797 1490 2878 decem
1516 2817 1713 2911 precepta.
1772 2805 1825 2883 II.

406 2930 433 2965 “
454 2923 641 3029 Precepta
663 2918 805 3028 legalia
831 2946 878 3000 ex
907 2916 1010 3002 libro
1038 2917 1217 3003 Levitici.
1276 2922 1349 3003 111.
1372 2924 1575 3029 Dogmata
1601 2922 1828 3030 evangelica

403 3053 431 3089 “
452 3041 666 3123 secundum
695 3040 941 3123 Mattheum.
1000 3044 1070 3123 IV
1099 3041 1313 3124 secundum
1348 3044 1550 3125 Marcum.
1606 3046 1661 3126 V.
1685 3042 1825 3132 secun·

404 3165 551 3246 “dum
572 3168 739 3245 Lucam
796 3166 868 3245 VI
888 3164 1115 3248 secundum
1126 3166 1357 3247 Ioannem”

405 3290 576 3369 “Lu
507 3287 691 3395 Qaliter
710 3287 817 3396 apud
836 3285 1043 3370 orientales
1064 3286 1285 3397 provincias
1306 3287 1533 3371 Germaniae
1558 3302 1679 3398 atque
1703 3295 1825 3371 Saxo-

507 3424 535 3457 “
555 3409 632 3491 niae
650 3437 724 3519 pro
744 3409 898 3492 diversis
920 3409 1154 3493 criminibus
1173 3408 1402 3527 penitentiae
1422 3408 1649 3492 observatur
1667 3415 1824 3496 modus.

403 3543 429 3577 “
450 3536 502 3613 II.
523 3537 584 3613 De
606 3532 867 3642 temperantia
887 3532 1169 3643 penitentium.

408 3665 433 3699 “
455 3656 527 3735 Ill.
549 3659 610 3735 De
629 3652 783 3735 diversis
804 3653 1026 3738 homicidis.

409 3788 434 3822 “
457 3779 526 3857 IV.
548 3781 650 3858 Item
668 3777 715 3857 de
734 3776 965 3887 penitentia.

407 3910 433 3945 “
454 3903 504 3980 V.
527 3903 589 3981 De
618 3897 888 4009 penitentibus
914 3915 961 3981 ut
990 3927 1014 3980 a
1040 3899 1259 4012 presbiteris
1289 3928 1374 3982 non
1402 3898 1721 4000 reconcilientur,
1750 3902 1822 3987 nist

531 4035 557 4068 “
579 4020 817 4132 precipiente
837 4021 1031 4133 episcopo,
1052 4021 1288 4106 exconcilio
1309 4020 1526 4104 Affricano.

408 4157 433 4191 “
454 4149 524 4226 VI.
546 4149 648 4226 Item
665 4171 713 4225 ex
732 4144 901 4227 concilio
920 4143 1191 4253 Cartaginenst
1210 4145 1410 4229 decadem
1429 4173 1483 4227 re.

407 4281 434 4315 “
455 4271 546 4349 VII.
567 4271 668 4348 Item
686 4267 734 4347 de
752 4266 987 4378 capitalibus
1009 4267 1256 4351 criminibus

406 4402 433 4437 “
455 4393 752 4473 INCIPIUNT
773 4393 1058 4473 CAPITULA
1080 4395 1157 4474 DE
1184 4390 1593 4475 PENITENTIUM
1613 4389 1820 4501 [judiciis]

408 4525 434 4559 “
457 4516 488 4596 1.
508 4517 571 4596 De
588 4512 699 4597 inani
718 4510 857 4621 gloria.

406 4646 434 4682 “
457 4639 508 4716 II.
529 4640 590 4716 De
609 4635 769 4717 invidia.

409 4769 435 4803 “
458 4762 529 4840 III.
550 4763 612 4841 De
630 4758 701 4841 ira.

651 5172 775 5256 CXC]
792 5173 853 5243 Vct.
870 5179 935 5244 Cot.
952 5175 977 5241 1.
995 5198 1026 5262 4.
1042 5174 1139 5245 MSS.
1156 5173 1239 5257 Aegl.
1260 5193 1450 5283 ¹4¹0··¹33·
