4214 5910
296 658 368 750 7,.ί
411 707 413 710 4
1039 611 1148 705 cu.

286 807 290 817 ’
353 837 414 921 17.
444 811 508 891 De
529 806 773 888 sacramento
793 797 969 912 corporis
989 814 1030 880 et
1051 791 1252 905 sanguinis
1272 792 1456 898 Domini,
1481 797 1552 878 W.
1573 796 1750 883 Mulculi
1770 828 1841 887 ex

351 1053 411 1137 18
441 927 673 1162 illilriiiiiiui
677 927 855 1130 adiitini
884 1040 1025 1126 Buceri
1054 1042 1104 1125 ad
1131 1039 1349 1124 Calvinum
1377 1039 1426 1123 de
1456 1037 1590 1125 forma
1618 1046 1840 1135 concordia

443 1199 540 1254 cum
559 1167 782 1281 Tigurinis,
803 1187 846 1279 p.
869 1168 962 1276 289.

352 1323 412 1404 19
442 1293 620 1406 Epistola
640 1289 798 1376 Caluini
825 1291 875 1373 ad
904 1292 1127 1370 Bucerum·
1157 1287 1387 1395 gratulatur
1411 1315 1448 1370 er
1434 1284 1516 1369 de
1542 1285 1716 1373 felice
1683 1318 1767 1401 ejus
1795 1294 1841 1381 in

442 1417 633 1556 Angliam
652 1416 839 1497 adventu.
865 1413 1003 1494 Multa
1021 1428 1158 1493 narrat
1177 1409 1360 1492 derebus
1382 1407 1459 1494 suis
1479 1429 1520 1493 et
1537 1409 1775 1517 amicorum,
1799 1436 1839 1502 ct

440 1538 567 1621 mittit
584 1540 788 1649 exemplar
806 1534 992 1617 formulae
1011 1531 1223 1643 praedidae,
1245 1550 1288 1642 p.
1311 1559 1404 1644 297.

345 1683 411 1746 20.
440 1660 620 1772 Epistola
639 1708 859 1727 ------
882 1657 950 1766 [ad
971 1653 1184 1765 collegium
1203 1654 1509 1766 Argentinensc]
1532 1657 1580 1738 de
1600 1657 1837 1772 quibusdam

438 1782 483 1866 in
502 1781 659 1865 statutis
680 1777 951 1875 emendandis,
973 1797 1015 1888 p.
1037 1807 1129 1887 303.

344 1933 411 1990 2ι.
440 1911 578 1989 Sermo
596 1902 641 1986 in
658 1930 807 1986 errores
826 1900 991 1985 ecclefiae
1011 1903 1221 1994 Romanae,
1243 1917 1286 2010 p.
1308 1926 1401 2009 307.

342 2054 408 2112 22.
438 2029 635 2139 Excerpta
653 2053 701 2109 ex
720 2024 927 2107 autoribus
947 2020 1182 2106 scholasticis
1201 2021 1249 2103 de
1267 2039 1430 2133 peccato
1450 2019 1648 2131 originali,
1670 2046 1713 2135 p.
1736 2028 1839 2143 3ι3.Ι

341 2176 409 2260 23.
438 2149 565 2259 Qod
582 2149 680 2232 mali
698 2175 780 2230 non
804 2147 930 2228 edunt
948 2171 1093 2254 corpus
1115 2142 1299 2242 Domini,
1321 2172 1369 2227 ex
1388 2143 1583 2256 patribus,
1605 2166 1648 2258 p.
1672 2179 1764 2262 317.

340 2296 409 2378 24.
436 2272 501 2356 De
517 2271 682 2355 veritate
699 2267 876 2382 corporis
897 2285 937 2352 et
954 2263 1156 2375 sanguinis
1175 2265 1345 2349 Domini
1369 2266 1413 2348 in
1433 2267 1666 2352 eucharistia
1689 2299 1737 2353 ex
1760 2301 1834 2386 pa.

281 2390 428 2489 tribus,
447 2421 472 2475 a
488 2392 656 2476 domino
676 2396 825 2476 Ioanne
845 2390 994 2487 Cheke,
1008 2389 1163 2500 propria
1181 2420 1304 2486 manu,
1327 2407 1370 2499 p.
1393 2418 1486 2498 32ι.

336 2526 365 2564 “
384 2519 480 2598 Haee
502 2516 549 2625 est
558 2517 769 2627 standarum
788 2532 941 2624 patrum
960 2511 1125 2610 Hilarii,
1149 2511 1382 2623 Chrisastami,
1401 2511 1613 2624 Augustini,
1639 2516 1769 2628 (herilli
1789 2518 1834 2601 de
1885 2527 1888 2533 ’

281 2636 488 2721 “veritate
510 2636 664 2750 carparis
681 2656 716 2720 et
727 2637 923 2751 sanguinis
942 2636 1099 2719 Domini
1115 2635 1157 2716 in
1175 2635 1391 2744 eucharistia
1402 2638 1600 2749 sententia,
1626 2636 1668 2718 in
1688 2669 1760 2749 qua
1778 2671 1835 2722 ιιι

280 2770 310 2808 “
329 2788 462 2873 qaoque
479 2758 540 2873 effe
549 2761 731 2872 prefiteor,
756 2791 824 2843 non
841 2759 935 2842 modo
952 2759 1042 2868 quia
1056 2774 1207 2866 propter
1225 2757 1480 2840 authoritatem
1498 2759 1670 2843 doetrinae
1687 2778 1723 2842 et
1739 2762 1834 2844 vitae

219 2973 223 2978 ,
282 2883 554 2997 “standitutem
578 2883 683 2992 digni
697 2882 788 2993 fient
812 2911 893 2993 quas
903 2883 1114 2992 ftquamur,
1131 2878 1202 2989 fied
1220 2881 1308 2990 quia
1331 2881 1515 2962 catholica
1531 2881 1666 2990 Christi
1688 2885 1835 2994 ecclefiae

282 3015 308 3052 “
328 3004 447 3088 eadent
464 3006 521 3117 fit
537 3004 750 3116 sententia:
785 3004 907 3114 itaque
933 3003 974 3083 in
1004 3002 1072 3083 hac
1099 3002 1205 3111 carisa
1236 3020 1272 3083 et
1299 3002 1340 3083 in
1372 3002 1521 3114 reliquis
1550 3004 1707 3086 omnibus
1738 3006 1835 3090 idern

278 3136 306 3174 ‘⁸
325 3156 379 3210 ιιι
398 3127 569 3238 profiteor
595 3126 713 3210 dicere
738 3143 775 3208 et
787 3125 931 3238 sentire
958 3123 1049 3235 quod
1060 3124 1194 3235 stantia
1220 3123 1356 3235 Chresti
1382 3145 1417 3208 et
1443 3125 1618 3208 catholica
1647 3145 1742 3209 tenet
1772 3159 1833 3213 ec-

276 3259 307 3350 .“
327 3250 462 3360 ctefial'

334 3398 357 3455 2
363 3399 401 3482 5.
430 3369 609 3481 Epistola
629 3367 792 3453 loannis
808 3369 944 3451 Cheke
966 3369 1034 3478 [ad
1053 3368 1294 3452 cardinalem
1309 3368 1475 3480 Polum]
1497 3398 1615 3454 orans
1634 3389 1682 3455 ut
1696 3371 1768 3457 fibi
1785 3372 1833 3460 in

428 3491 628 3602 gremium
647 3489 812 3575 ecclefiae
836 3489 919 3599 jam
941 3490 1075 3573 reduci
1092 3490 1141 3572 fit
1161 3491 1372 3599 benignus,
1394 3492 1487 3574 data
1506 3520 1553 3577 ex
1573 3494 1699 3579 Turri
1716 3500 1832 3581 Lon-

429 3611 580 3697 dinensr
606 3612 774 3724 15Julii
798 3618 914 3721 1556
936 3633 1022 3724 p
1030 3639 1094 3722 3.

333 3738 399 3823 26.
427 3738 563 3818 Letter
581 3732 689 3818 from
706 3734 898 3818 thelame
920 3749 967 3816 to
985 3734 1054 3816 the
1076 3759 1206 3844 queen
1231 3732 1473 3847 petitioning
1492 3738 1557 3823 for
1582 3739 1645 3824 his
1669 3739 1830 3858 liberty,

429 3859 546 3940 dated
564 3855 672 3940 from
691 3857 761 3939 the
779 3861 927 3950 Tower
948 3858 1043 3967 July
1067 3883 1130 3966 15,
1158 3859 1274 3966 1556
1297 3877 1339 3966 p.
1363 3885 1455 3968 3²4·

333 4009 399 4094 27.
427 3978 627 4089 Dialogue
647 3980 823 4063 between
842 3977 912 4062 the
930 3974 1030 4088 king
1048 3980 1127 4060 and
1148 3978 1210 4060 his
1228 3981 1383 4090 people,
1405 4001 1449 4093 p.
1471 4013 1562 4094 325.

332 4104 398 4189 28.
427 4108 496 4185 An
509 4099 658 4186 answer
671 4118 715 4185 to
730 4100 799 4184 the
817 4099 970 4184 articles
987 4100 1036 4183 of
1050 4100 1120 4184 the
1135 4099 1381 4185 Devonlhire
1395 4131 1503 4206 men,
1523 4109 1575 4219 by
1589 4107 1830 4223 archbilhop

426 4230 635 4310 Cranmer.
685 4225 876 4333 Original,
894 4243 936 4335 p.
960 4251 1053 4334 337.

425 4343 532 4460 Thest’
554 4347 700 4432 articles
719 4372 815 4430 were
832 4346 926 4457 publ
922 4346 1073 4459 ishedby
1091 4347 1150 4428 the
1168 4347 1395 4457 Devardhire
1418 4381 1496 4434 rnen
1522 4353 1563 4435 in
1582 4354 1679 4436 their
1701 4355 1831 4470 infier-

425 4473 560 4552 ree‘tian
584 4498 713 4579 1549:
743 4489 779 4552 ta
797 4468 917 4552 which
935 4485 1040 4551 event
1057 4467 1116 4551 the
1134 4467 1331 4579 preceding
1348 4471 1509 4583 dialogae
1532 4476 1601 4589 alsa
1622 4477 1803 4577 relates,
1784 4511 1826 4565 ιιι

424 4591 544 4673 which
561 4592 620 4674 the
635 4592 758 4701 king
741 4621 772 4673 ts
791 4590 1002 4677 introduced
1015 4592 1167 4702 expostul
1162 4591 1269 4702 ating
1286 4592 1380 4675 with
1396 4594 1453 4677 his
1463 4597 1632 4706 sabjedls,
1658 4601 1736 4683 and
1753 4620 1824 4714 up-

423 4711 597 4823 hrai'drng
610 4715 703 4795 thern
719 4714 815 4797 with
831 4715 928 4800 their
942 4713 1245 4826 ingratitadefor
1261 4715 1320 4800 the
1334 4747 1437 4833 many
1450 4719 1504 4802 h
1486 4720 1603 4911 effings
1614 4723 1692 4838 they
1706 4722 1825 4838 enjoy-

422 4835 470 4917 ed
482 4835 594 4918 under
612 4836 668 4920 his
684 4833 803 4946 reign

1686 4990 1753 5079 ²9·
1781 4968 1825 5058 Α
