4214 5910
889 674 997 780 CX.
1647 710 1743 810 119

261 891 326 980 23.
356 866 589 951 Chronicon
610 866 652 950 in
667 893 757 978 quo
765 866 999 949 continetur
1018 862 1179 948 historia
1196 861 1352 974 Angliae
1371 863 1571 977 presertim
1588 866 1744 950 cenobii

355 992 531 1074 Winton
551 1021 574 1074 a
594 991 720 1073 Lucio
741 987 863 1098 usque
883 991 932 1070 ad
951 988 1114 1071 initium
1134 989 1248 1094 regni
1268 988 1436 1070 Henrici
1455 991 1525 1070 VI.
1548 1005 1589 1097 p'.
1608 1015 1700 1097 314·

756 1112 778 1163 r
838 1111 863 1163 r
920 1112 945 1163 rr
1002 1111 1028 1162 r
1084 1110 1110 1161 r
1167 1110 1193 1160 r

188 1224 191 1230 ’
260 1258 327 1339 24.
355 1234 493 1312 Letter
506 1229 613 1311 from
633 1229 743 1335 John
763 1227 893 1336 Astely
909 1245 953 1308 to
968 1230 1103 1336 Roget
1118 1224 1303 1323 uscham,
1325 1226 1616 1339 affectionately
1631 1258 1744 1313 com-

338 1349 534 1461 ¹plaining
552 1348 600 1430 of
615 1351 676 1430 his
697 1350 873 1444 absence,
903 1349 980 1429 and
1001 1346 1171 1455 defiring
1196 1347 1283 1430 him
1307 1358 1351 1428 to
1370 1349 1459 1429 settd
1488 1349 1574 1432 irim
1601 1380 1652 1433 an
1677 1379 1746 1433 ac-

355 1488 483 1551 count
498 1469 546 1551 of
561 1470 629 1549 tlte
643 1469 762 1550 estate
776 1464 825 1550 of
838 1465 971 1550 affairs
985 1467 1029 1548 in
1045 1471 1264 1577 German-y,
1284 1467 1402 1550 dated
1418 1470 1593 1552 Hatfield
1611 1501 1634 1580 9
1651 1471 1744 1555 ort.

362 1614 479 1695 1552,
502 1607 655 1697 P·359·

260 1733 283 1788 2
288 1733 325 1815 5.
355 1707 559 1790 Ascham's
589 1712 737 1789 answer
763 1722 806 1787 to
833 1703 903 1788 the
928 1698 1144 1813 foregoing
1167 1706 1296 1800 letter,
1325 1703 1464 1814 giving
1490 1706 1636 1816 along
1662 1709 1741 1790 and

355 1827 572 1938 particular
593 1845 765 1908 account
785 1826 833 1908 of
847 1827 915 1909 the
935 1826 1054 1906 estate
1074 1824 1121 1906 of
1138 1826 1356 1934 Germany,
1379 1844 1422 1933 p.
1440 1827 1533 1930 360.

260 1949 325 2030 26.
357 1954 394 2030 A
413 1945 604 2030 discourse
624 1945 795 2055 proring
814 1947 902 2027 that
922 1944 1058 2055 priests
1079 1942 1371 2053 maylawfully
1393 1973 1538 2054 marry,
1560 1964 1601 2055 p.
1619 1975 1669 2053 42
1677 1979 1714 2059 3.

260 2097 325 2180 27.
355 2069 483 2178 Copia
503 2066 688 2178 primevae
709 2064 959 2148 fundationis
979 2064 1144 2145 ecclestae
1166 2063 1400 2145 cathedralis
1421 2055 1686 2150 Landarensrs
1705 2074 1746 2150 et

357 2188 599 2270 diversorum
619 2185 923 2297 privilegiorum
940 2184 973 2290 ej
981 2182 1128 2280 usdern,
1152 2202 1195 2291 p.
1211 2210 1261 2290 43
1270 2209 1307 2291 5.

891 2388 1057 2502 CXI.

258 2556 305 2633 In
314 2549 444 2662 prima
457 2565 568 2658 parte
580 2547 685 2655 hujus
698 2545 841 2642 codicis,
860 2566 1036 2654 regnante
1050 2544 1214 2626 Henrico
1227 2550 1283 2627 ΙΙ.
1302 2547 1344 2627 in
1358 2547 1575 2630 membranis
1578 2549 1743 2660 scripta,

203 2692 445 2767 continentur,
734 2698 736 2702 ⁴

118 2855 124 2863 -
268 2825 299 2876 1.
328 2789 582 2898 Homagium
616 2787 772 2869 factum
804 2783 930 2896 priori
963 2785 1204 2870 Bathonensr
1236 2815 1311 2898 pro
1343 2785 1571 2896 rneffiragio‚
1596 2796 1669 2874 &c.
1701 2792 1744 2874 in

330 2911 520 2994 Obeston
541 2935 610 3019 per
629 2911 822 2988 Ioannem
844 2905 892 2986 de
912 2905 1080 2987 Weston
1103 2906 1231 3014 [manu
1249 2907 1462 3015 neoterica]
1486 2927 1529 3018 p.
1548 2940 1588 3015 4.

262 3064 300 3120 2.
372 3033 412 3115 ui
431 3047 620 3113 tenentur
640 3028 822 3109 claudere
842 3051 1008 3133 parcum
1027 3026 1075 3107 de
1094 3025 1304 3124 westberi,
1327 3046 1369 3136 p.
1389 3056 1425 3134 5.

263 3184 301 3264 3.
329 3149 524 3261 Reliquiae
544 3143 788 3239 sandorum,
811 3162 853 3250 p.
871 3143 909 3222 6.

261 3305 301 3381 4.
332 3271 471 3357 Folium
500 3298 525 3349 a
546 3265 639 3347 libro
657 3263 926 3369 evangeliorum
945 3264 1133 3360 saxonico,
1162 3263 1267 3373 httjru
1294 3263 1515 3349 bibliotheca
1533 3267 1615 3348 Cod.
1637 3268 1746 3353 CXL

330 3391 509 3498 avulsum,
530 3388 571 3468 in
590 3415 656 3498 quo
673 3385 903 3466 continentur
920 3387 1110 3482 saxonice,
1136 3407 1175 3496 p.
1192 3416 1228 3496 7.

333 3517 396 3622 (1)
417 3509 620 3618 Scriptum
640 3502 884 3588 Saronicum
902 3507 951 3585 de
976 3506 1153 3616 reliquiis
1173 3507 1402 3590 sandtorum
1423 3537 1513 3619 quae
1533 3509 1577 3595 in
1595 3511 1746 3596 scriniis

330 3627 606 3718 Bathoniensrs
626 3623 793 3709 ecclesiae
819 3625 1066 3735 reperierunt
1086 3628 1259 3739 AElsrgus
1284 3629 1406 3711 abbas
1425 3648 1465 3711 et
1482 3629 1625 3715 fratres
1644 3633 1746 3741 ejus·

331 3758 422 3837 dern
445 3745 686 3832 monasterii.

330 3878 393 3980 (2)
413 3868 609 3980 Reliquiae
629 3893 728 3979 quas
749 3863 916 3947 ecclesrae
935 3865 1191 3949 Bathoniensr
1210 3864 1414 3977 acquisivit
1435 3868 1698 3955 Hearstanus.

334 3998 399 4103 (3)
426 3986 623 4098 Reliquiae
661 4007 759 4098 quas
797 3984 964 4068 ecclesrae
1002 3987 1258 4069 Bathonicnsr
1290 3988 1398 4069 dedit
1429 3989 1660 4074 Wulwinus
1696 3995 1745 4074 de

330 4115 485 4199 Readirt
515 4132 603 4192 ton.

331 4239 395 4344 (4)
416 4141 661 4317 Teriificatio
680 4223 940 4346 ingenuitatis
958 4223 1202 4310 Leofenothi
1222 4226 1455 4334 AEgelnotbi
1476 4226 1548 4309 filii
1566 4231 1614 4311 de
1635 4223 1744 4312 Kor-

331 4361 460 4452 stune‚
490 4350 561 4464 qui
585 4348 753 4460 seipsum
772 4371 866 4428 curn
896 4348 1007 4456 prole
1031 4345 1129 4427 emit
1153 4374 1201 4428 ex
1227 4347 1398 4455 AEtfstgo
1423 4349 1566 4430 abbate
1586 4369 1625 4431 et
1644 4372 1744 4434 con·
1827 4391 1831 4401 ·

330 4498 454 4563 ventu
473 4467 729 4556 Bathoniensr
751 4494 773 4577 5
793 4466 872 4549 oris
894 4485 933 4549 et
960 4494 1005 4550 12
1027 4466 1182 4547 ovibus.

329 4602 392 4711 (5)
409 4589 670 4681 Manumiffio
688 4586 871 4696 Wilwigi
897 4610 1020 4696 quent
1040 4612 1087 4669 ex
1107 4586 1273 4699 AElfsrgo
1292 4588 1436 4671 abbate
1457 4602 1606 4672 emerat
1631 4611 1745 4702 pater

189 4806 193 4814 ,
332 4724 419 4831 ejus
437 4715 657 4828 AEgelfigus
678 4711 728 4793 de
744 4708 1008 4793 Linnecunre.

1512 4820 1576 4928 (a)
1597 4814 1749 4907 tran..

536 5108 646 5191 CXL]
663 5108 725 5177 Vct.
741 5110 809 5175 Crt.
825 5098 915 5173 Misc.
931 5105 979 5173 G.
996 5102 1091 5173 MSS.
1108 5104 1195 5190 Angl.
1214 5125 1226 5170 r
1232 5101 1414 5190 583-316·
