4214 5910
278 678 372 802 136
986 670 1165 767 CXIII.

327 885 392 966 27.
422 860 490 940 An
502 853 629 938 deleri
647 851 809 965 possunt
827 880 1001 965 quorum
1024 851 1098 934 usu
1117 849 1161 932 in
1181 845 1469 962 superstitione,
1490 851 1564 930 &c.
1587 867 1630 961 p.
1649 875 1744 959 207.
1764 851 1806 934 d.

327 980 393 1064 2.8
422 979 651 1072 Tamarus,
677 976 786 1084 quod
806 974 1040 1058 reformatio
1058 973 1156 1055 sacri
1174 970 1382 1056 ministerii
1401 973 1501 1053 dum
1520 970 1623 1054 illud
1640 971 1818 1085 episcopi

423 1120 464 1191 et
483 1096 683 1212 presbiteri
713 1095 939 1205 negligunt,
969 1097 1018 1177 ad
1038 1120 1141 1204 quos
1161 1120 1256 1175 cum
1285 1090 1426 1228 primis
1455 1091 1631 1203 pertinet
1649 1092 1819 1176 ecclesiis

423 1221 493 1304 sua
524 1215 664 1301 munia
693 1214 924 1314 instaurare,
956 1213 1033 1296 illis
1064 1214 1270 1324 competit,
1301 1211 1372 1322 qui
1401 1210 1446 1293 in
1474 1240 1523 1293 eo
1551 1213 1720 1323 populo,
1749 1211 1820 1294 cui

421 1341 580 1425 sacrum
601 1336 864 1422 ministerium
884 1336 1173 1419 restituendum
1195 1335 1263 1431 est,
1292 1334 1529 1443 potestatem
1547 1333 1670 1445 gladii
1687 1333 1822 1419 admi·

353 1494 364 1517 ³
423 1462 595 1546 nistrant
613 1479 653 1544 et
671 1487 756 1542 non
775 1457 933 1556 Caesari,
959 1457 1031 1540 nisi
1050 1456 1110 1540 illi
1130 1454 1308 1539 officium
1337 1453 1442 1538 hac
1431 1483 1476 1537 1n
1495 1483 1537 1538 re
1555 1455 1673 1543 suum
1689 1455 1822 1570 negli-

451 1603 534 1681 ant,
619 1610 711 1663 2ο.

330 1735 396 1817 29.
421 1614 490 1789 {e
515 1602 802 1812 dgpdlficdlione
822 1699 930 1784 verbi
949 1739 979 1787 aa
980 1716 1128 1822 ρςωοσφε
1105 1715 1188 1784 aet
1205 1716 1358 1820 προσφες
1360 1738 1440 1809 opat
1458 1724 1530 1810 per
1547 1695 1820 1783 Laurentium

427 1821 710 1923 oxoniensem,
733 1841 885 1957 p..229

329 1973 397 2062 3ο.
359 1950 494 2027 0.An
523 1941 640 2025 liceat
667 1943 839 2052 recipere
857 1940 924 2023 seu
953 1936 1217 2025 restituerem
1239 1937 1406 2023 ecclesris
1435 1938 1580 2022 nostris
1601 1939 1822 2055 adiaphora
1889 1971 1892 1974 ⁴

425 2066 491 2178 spe
509 2062 771 2175 impetrandae
799 2060 920 2174 pacis,
951 2080 991 2143 et
1010 2062 1085 2148 hac
1105 2058 1379 2173 qualicunque
1399 2060 1676 2145 moderatione
1703 2064 1819 2149 miti·

423 2184 547 2296 gandi
565 2184 666 2267 iram
686 2181 953 2294 imperatoris,
982 2211 1034 2269 ne
1053 2182 1211 2294 prorsus
1231 2185 1402 2296 expellat
1421 2210 1469 2265 ex
1487 2181 1655 2267 ecelesiis
1674 2185 1821 2271 nostris

425 2306 514 2418 pios
533 2305 720 2416 pastores,
743 2323 786 2414 p.
805 2331 898 2410 ²32·

332 2455 400 2537 31.
428 2427 607 2538 Epistola
625 2431 674 2509 de
692 2427 830 2508 eadem
848 2453 906 2522 re,
927 2443 1064 2534 2233

329 2576 398 2663 32.
426 2545 641 2632 Instructio
661 2544 945 2656 inquisitorum
964 2452 1165 2631 inserioris
1180 2545 1425 2647 Germaniae,
1445 2564 1627 2660 tempore
1645 2549 1820 2662 impera·

430 2668 526 2752 toris
545 2669 680 2752 Caroli
699 2672 750 2752 V.
772 2687 882 2778 p23
891 2695 928 2778 3

330 2821 397 2905 33.
426 2788 604 2902 Epistola
622 2789 763 2898 Jacobi
779 2790 916 2873 Caroli
931 2790 1105 2883 Sadoleti
1123 2789 1292 2905 episcopi
1313 2794 1549 2903 Carpentor.
1568 2793 1618 2876 ad
1635 2796 1680 2876 P.
1692 2797 1822 2879 Caro·

326 2901 330 2907 ¹
426 2917 515 2997 lum
526 2914 619 2995 data
631 2911 938 3022 Carpentoradti
954 2941 999 3020 13
1014 2915 1094 2995 kal.
1106 2921 1206 3024 Apr.
1224 2942 1239 2993 1
1249 2943 1271 3022 3
1277 2942 1342 3023 39,
1359 2916 1407 2996 de
1418 2914 1666 3027 purgatorio,
1674 2935 1820 3026 p.243.

330 3062 398 3149 34.
427 3034 645 3120 Tradlatus
676 3032 868 3146 Stephani
895 3032 1096 3119 Gardiner
1124 3035 1296 3146 episcopi
1320 3035 1510 3132 Winton,
1540 3037 1590 3118 ad
1620 3039 1822 3124 Bucerum

425 3153 607 3265 scriptus,
636 3153 678 3236 in
700 3181 783 3266 quo
808 3154 979 3266 probare
998 3174 1180 3256 conatur,
1211 3173 1492 3267 contemptum
1513 3157 1704 3241 humanae
1722 3157 1821 3269 legis

425 3277 529 3385 justa
557 3275 772 3359 autoritate
803 3277 896 3358 latae
927 3276 1086 3385 gravius
1114 3298 1153 3360 et
1180 3278 1347 3361 severius
1376 3278 1663 3364 vindicandum
1695 3309 1821 3393 quam

418 3395 570 3483 divinae
588 3397 683 3506 legis
704 3397 1026 3510 qualemcunque
1044 3397 1400 3511 transgressionem,
1424 3419 1465 3510 p.
1482 3429 1504 3483 2
1509 3427 1533 3510 3
1538 3428 1576 3511 3.

332 3548 353 3630 3
362 3547 400 3630 3.
427 3525 496 3600 Αη
515 3516 632 3600 liceat
649 3517 832 3629 episcopo
851 3536 922 3600 aut
943 3517 1146 3619 sacerdoti,
1177 3520 1265 3631 post
1290 3522 1527 3632 ademptum
1545 3522 1821 3635 episcopatum

426 3657 498 3724 aut
516 3639 795 3737 sacerdotium,
813 3642 957 3723 ducere
977 3644 1174 3723 uxorem?
1203 3642 1425 3753 affirmatur,
1448 3663 1493 3754 p.
1510 3671 1562 3756 27
1566 3672 1603 3755 5.

334 3766 400 3872 36.
429 3758 624 3870 Praecipui
644 3760 809 3870 quidam
830 3759 1171 3871 anabaptistarum
1192 3790 1357 3860 errores,
1379 3784 1422 3875 p.
1441 3791 1534 3876 279.
1556 3765 1649 3876 289.

330 3907 401 3997 37.
429 3878 608 3991 Ep1stola
628 3882 659 3960 I
676 3878 923 3976 Acontii,1n
946 3908 1027 3991 qua
1046 3881 1226 3965 defendit
1244 3883 1480 3994 opinionem
1498 3886 1641 3971 suam
1629 3916 1675 3972 1n
1696 3893 1821 3974 eccle·

427 3998 577 4089 fiastico
597 3997 735 4082 senatu
763 4000 925 4082 allatam
954 4002 1004 4082 de
1030 3999 1188 4083 diversis
1208 4001 1566 4140 fignificatipnibus
1584 4010 1787 4118 vestanen
1776 4039 1819 4095 1n

424 4119 542 4202 sacris
562 4116 764 4227 scripturis
785 4145 877 4200 cum
905 4119 1013 4202 notis
1032 4119 1278 4205 refutatoriis
1299 4152 1413 4234 marg
1413 4124 1472 4207 im
1460 4125 1634 4239 pallitn
1653 4127 1820 4243 inscrip-

428 4239 480 4322 tis
535 4238 656 4325 .28r.

331 4361 398 4474 38.
427 4260 544 4443 Thi
555 4386 683 4447 errore
722 4361 773 4446 of
803 4360 872 4444 the
909 4360 1209 4475 anabaptistical
1243 4363 1426 4450 doslrine
1462 4370 1690 4484 wourthely
1721 4396 1822 4454 con-

423 4480 622 4588 dempned
636 4477 685 4561 of
701 4480 768 4564 the
783 4480 957 4565 churche
971 4483 1019 4566 os
1035 4485 1142 4586 God,
1163 4484 1201 4569 if
1214 4487 1325 4571 there
1344 4487 1394 4570 be
1408 4515 1488 4601 any
1502 4517 1544 4575 as
1564 4510 1630 4603 yet
1645 4491 1822 4581 infested

426 4598 528 4681 with
548 4600 672 4700 them,
702 4605 781 4685 and
801 4631 861 4685 we
884 4602 1003 4713 being
1023 4605 1224 4692 followers
1244 4609 1293 4693 of
1318 4611 1387 4694 the
1403 4609 1509 4696 same
1528 4613 1703 4701 churche
1721 4645 1822 4702 con·

426 4722 570 4804 demne
589 4723 702 4806 them
721 4725 814 4821 also
839 4745 881 4834 p.
899 4752 992 4835 291.

328 4869 398 4963 39.
427 4842 606 4951 Epistola
636 4846 702 4954 [ut
721 4848 877 4931 videtur
896 4851 1057 4961 Buceri]
1088 4856 1138 4936 ad
1158 4855 1346 4940 Chckum
1375 4860 1422 4940 de
1442 4862 1621 4970 quodam
1649 4861 1821 4946 domino

420 4962 589 5082 Jungio,
610 4992 681 5076 qur
670 4966 856 5080 publice
874 4973 1135 5083 praelegerat
1124 5004 1168 5060 m
1187 4974 1364 5094 priorem
1379 4978 1588 5092 epistolam
1601 4984 1660 5067 ad
1673 4983 1822 5189 ’ξὶωο-

1505 5116 1509 5122 “
1660 5122 1679 5189 t
1710 5131 1821 5207 eum,
