4214 5910
275 699 375 800 270
431 688 432 692 '
993 665 1147 778 CXC.

377 860 420 947 ξ’
437 851 567 937 XXX.
588 847 735 934 Leonis
769 874 883 961 papae
916 849 967 932 ad
1001 848 1214 934 Rusticum
1238 850 1552 937 Narbonensem
1580 850 1811 968 episcopum

591 972 748 1081 “quod
780 970 889 1052 aliud
921 970 970 1054 fit
1005 998 1123 1068 uxor,
1159 971 1270 1055 aliud
1307 973 1560 1071 concubina3
1602 1000 1678 1075 nec
1710 1000 1815 1063 erret

535 1141 538 1149 ‚
594 1103 624 1141 “
642 1090 808 1201 quisque
827 1091 856 1174 fi
873 1090 1001 1176 filiam
1019 1091 1134 1177 suam
1151 1091 1198 1177 iu
1216 1093 1526 1181 matrimonium
1540 1100 1811 1187 concubinam

595 1223 622 1261 “
642 1212 809 1296 habenti
827 1212 1047 1296 tradiderit.

296 1420 299 1429 .
391 1349 418 1389 “
437 1339 589 1422 XXXI.
618 1340 683 1419 De
699 1334 856 1419 incestis
874 1335 1189 1444 conjunctionis.

392 1472 421 1511 “
439 1459 609 1540 XXXII.
628 1462 693 1541 De
710 1458 833 1543 th'oro
851 1456 985 1541 fratris
1005 1458 1204 1544 defunc‘th

394 1591 422 1628 “
441 1577 631 1661 XXXIII.
653 1582 716 1660 De
734 1577 925 1689 conjugio
945 1578 1128 1691 antiquo.

370 1712 419 1776 ·.“
436 1701 627 1782 XXXIV.
647 1702 712 1781 Dc
727 1698 1007 1783 schematibus.

388 1822 470 1906 Hic
486 1820 756 1932 interseruntur
773 1822 814 1902 in
833 1821 951 1903 codice
967 1848 1080 1904 moero
1090 1818 1205 1930 paulo
1218 1821 1414 1922 neoterica,

322 1971 360 2056 ς.
389 1948 453 2027 Ex
471 1943 637 2026 decretis
656 1940 781 2024 sancti
800 1941 946 2024 Gelani
964 1970 1094 2053 papae.

313 2068 359 2171 o.
388 2061 582 2147 Carmina
616 2062 803 2172 quaedam
840 2061 917 2146 five
952 2061 1162 2145 exorcismi
1196 2076 1339 2146 contra
1382 2062 1551 2171 pecudes
1586 2056 1812 2156 fascinatas,

390 2185 601 2269 Saxonice.

304 2318 360 2423 '7.
377 2307 588 2418 Qaedam
607 2332 659 2386 ex
674 2300 840 2386 decretis
861 2302 1060 2387 &Leonis
1076 2330 1192 2417 papae
1211 2320 1251 2388 et
1269 2301 1479 2388 Theodori
1497 2299 1794 2414 archiepiscopi.

322 2431 361 2512 8.
390 2433 453 2511 Dc
470 2453 517 2507 eo
536 2425 650 2534 quod
661 2450 747 2506 non
764 2421 970 2530 judicandi
987 2423 1080 2507 sont
1096 2425 1228 2511 clerici
1242 2452 1268 2509 a
1283 2425 1409 2528 laicis,
1428 2423 1493 2509 sed
1513 2421 1604 2509 laici
1623 2417 1811 2507 aelericis

387 2542 592 2655 judicandi
610 2542 703 2625 sunt
721 2542 765 2624 in
784 2541 949 2627 historia
965 2544 1230 2629 ecclesiastica.

320 2702 361 2787 9.
388 2673 451 2751 Ut
466 2667 606 2760 nullus
623 2663 794 2748 accusati
812 2664 941 2749 sedem
960 2666 1125 2778 usurpet
1143 2664 1328 2780 episcopi.

389 2802 417 2842 ‘⁸
437 2790 604 2869 XXXV.
625 2790 692 2870 De
706 2784 1026 2896 consanguineis.
1367 2845 1369 2848 -

300 2981 302 2987 ,
390 2924 419 2962 “
438 2909 629 2990 XXXVI.
649 2910 714 2990 De
732 2906 908 2989 tonsura.

300 3100 305 3111 .
388 3047 416 3110 ‘t
434 3031 644 3114 XXXVII.
665 3032 731 3110 De
747 3026 894 3110 militia
911 3047 951 3110 et
969 3026 1139 3114 victoria
1156 3026 1486 3114 christianorumz

389 3167 417 3206 “
437 3153 667 3234 XXXVIII.
688 3152 752 3232 De
769 3146 1060 3231 exhortatione.
1501 3137 1508 3146 ’

387 3288 416 3328 “
435 3271 623 3353 XXXIX.
643 3274 707 3352 De
726 3268 955 3380 captivitate
973 3268 1214 3376 Judeortun.

391 3409 419 3447 “
439 3394 525 3475 XL.
544 3394 609 3474 De
625 3389 794 3474 interitu
812 3388 1041 3472 Britonum.

391 3530 418 3566 “
437 3517 548 3596 XLI.
567 3516 630 3596 De
651 3510 807 3619 Anglis.

389 3648 416 3686 “
435 3635 566 3716 XLII.
585 3635 651 3713 De
667 3629 900 3741 predatione
919 3627 1330 3732 Nordanimbrorum.

392 3772 419 3809 “
439 3758 589 3837 XLIII.
609 3758 674 3835 De
690 3751 1034 3836 tribulationibus.

390 3893 419 3931 “
439 3879 585 3960 XLIV.
605 3879 668 3956 De
687 3873 820 3955 officio
839 3871 972 3955 missae.

302 4065 306 4073 .
393 4015 421 4051 “
440 3999 568 4079 XLV.
587 3997 652 4077 De
670 3992 855 4075 colleda.

387 4136 416 4176 “
436 4119 584 4203 XLVI.
603 4119 669 4199 De
685 4112 869 4195 lectione.

390 4260 417 4296 “
437 4241 604 4323 XLVII.
624 4236 893 4319 DeGradale.
1031 4292 1035 4299 .

388 4375 415 4412 “
434 4362 622 4446 XLVIII.
642 4361 705 4438 De
723 4353 913 4436 Alleluia.
1012 4374 1015 4380 ’

390 4498 415 4534 “
437 4483 581 4563 XLIX.
602 4484 665 4562 De
678 4472 910 4579 offertorio.

391 4618 418 4655 “
439 4607 487 4686 L.
508 4606 571 4684 Dc
589 4601 745 4709 hymno
764 4595 875 4704 quod
896 4590 952 4674 est
970 4589 1142 4676 sandius.

392 4743 419 4777 ‘⁸
438 4729 507 4808 LI.
529 4726 591 4804 De
613 4725 755 4827 Agnus
775 4713 866 4797 Dei.

391 4861 417 4895 “
437 4848 528 4928 LII.
548 4845 610 4923 De
630 4834 833 4919 matutino
853 4831 1004 4916 officio.

394 4979 419 5016 “
439 4966 549 5047 LIII.
570 4965 631 5043 De
651 4959 769 5039 tertia
789 4953 901 5034 hora.
