4214 5910
356 629 418 752 38
1088 620 1219 719 LIX.

409 834 476 918 23.
504 804 621 889 Bulla
645 803 874 890 Innocentii
902 832 1016 918 papae
1039 802 1068 888 ii
1088 834 1163 918 pro
1186 800 1337 888 clericis
1358 801 1658 889 cantuariensis
1685 807 1904 919 provinciae

507 957 558 1011 nc
577 927 731 1011 solvant
750 929 1051 1041 procurationes
1072 925 1368 1041 archiepiscopo
1389 926 1545 1010 ratione
1562 927 1813 1013 visitationis.

412 1075 477 1154 24.
507 1051 623 1132 Bulla
641 1050 813 1157 ejusdem
834 1078 946 1165 papae
966 1078 1017 1132 ne
1036 1048 1354 1161 archiepiscopus
1375 1046 1720 1160 suffraganeorum
1740 1052 1906 1140 suorum
1990 1145 1998 1158 ,

506 1172 820 1282 jurisdislionem
851 1172 1083 1284 impediat'
1073 1202 1117 1257 rn
1147 1171 1486 1285 appellationibus
1513 1173 1718 1259 adsedem
1747 1178 1907 1287 aposto-

508 1293 626 1377 licam
646 1298 706 1378 vel
727 1296 1092 1407 metropolitanam

337 1411 338 1414 ‘
414 1442 437 1500 2
443 1442 479 1524 5
509 1421 588 1499 Car
591 1435 631 1498 ta
648 1399 880 1501 libertatum
901 1417 1042 1500 Surriae
1060 1416 1237 1500 concessa
1255 1444 1327 1529 per
1346 1417 1591 1500 Edwardum
1612 1421 1645 1501 Ι.

413 1541 479 1619 26.
509 1539 687 1620 Oleroun
709 1540 787 1621 de
775 1567 985 1650 jugemens
1005 1539 1112 1622 dela
1131 1565 1252 1621 meet.

414 1686 479 1770 27.
508 1660 807 1745 Testimonium
835 1661 1068 1747 libertatum
1093 1677 1134 1743 et
1160 1657 1472 1745 immunitatum
1491 1661 1660 1746 ecclesrae
1680 1667 1717 1746 S.
1737 1663 1908 1752 Martini

507 1781 615 1866 infra
634 1788 771 1866 Dover
789 1812 812 1866 a
832 1811 921 1894 rege
941 1784 1156 1867 Withredo
1176 1783 1369 1866 fundatae.

406 1907 477 1989 28.
509 1909 667 1990 Statura
686 1934 778 2018 quae
798 1906 989 1990 dicuntur
1009 1906 1249 2019 provisiones
1269 1908 1318 1989 de
1336 1905 1599 2014 Marleberge.

410 2057 477 2137 29.
505 2030 582 2111 Les
602 2027 890 2112 establisemens
911 2031 974 2111 del
994 2027 1055 2111 roi
1071 2030 1242 2112 Edward
1260 2027 1313 2110 fiz
1334 2027 1398 2110 del
1419 2026 1481 2110 roi
1501 2027 1632 2110 Henri
1651 2026 1714 2112 fist
1733 2033 1907 2118 aWest-

509 2152 674 2236 minster
693 2182 715 2236 a
734 2153 805 2236 son
826 2152 998 2264 premier
1014 2152 1176 2261 general
1194 2154 1431 2263 parlement.

413 2302 478 2383 30.
509 2272 756 2355 Provisrones
777 2272 1020 2371 Glocestriae,
1032 2274 1180 2383 partim
1199 2273 1343 2369 Latine
1354 2271 1501 2384 partim
1520 2272 1677 2356 Gallice.

412 2423 477 2504 31.
508 2404 712 2478 statutum
732 2395 781 2476 de
800 2393 988 2506 religiosis
1010 2421 1036 2504 7
1054 2396 1169 2476 Edw.
1190 2397 1223 2475 Ι.

411 2547 478 2630 32.
509 2515 754 2600 Provisrones
774 2520 823 2599 de
842 2520 1031 2599 Mertone
1052 2542 1103 2598 20
1124 2520 1233 2599 Hen.
1253 2519 1327 2600 ΙΙΙ.

413 2670 479 2752 33.
509 2645 668 2723 Statuta
687 2638 794 2722 sadla
812 2641 920 2749 apud
940 2638 1340 2721 Westmonasterium
1366 2667 1411 2747 13
1433 2636 1547 2722 Edw.
1566 2641 1602 2724 I.

412 2790 478 2871 34.
508 2766 630 2844 Carta
650 2758 869 2843 Adelfreidi
891 2760 992 2870 regis
1013 2764 1061 2843 de
1079 2760 1262 2842 libertate
1283 2761 1463 2842 ecclefiae.

409 2911 476 2995 35.
505 2888 627 2966 Carta
655 2880 887 2964 Cnuthonis
919 2880 1020 2991 regis
1049 2882 1098 2964 de
1126 2879 1454 2962 immunitatibus
1483 2877 1713 2962 monasterii
1742 2879 1791 2960 de
1820 2882 1905 2962 Err-

504 3003 690 3085 encestre.

409 3129 476 3235 36.
505 3130 627 3207 Carta
655 3125 703 3204 de
730 3122 987 3207 transsatione
1016 3120 1113 3206 sedis
1143 3117 1378 3204 cathedralis
1408 3120 1457 3202 de
1483 3117 1675 3202 Crideton
1704 3117 1749 3203 in
1769 3124 1907 3205 Exon.
2023 3118 2029 3127 Ν

506 3273 616 3328 anno
643 3269 758 3352 1050.

409 3397 476 3479 37.
505 3364 723 3467 Petitiones
744 3367 889 3448 oblatae
908 3364 952 3445 in
972 3362 1240 3475 parliamento
1259 3363 1366 3472 apud
1387 3363 1562 3444 Karleol.

408 3491 475 3600 38.
503 3488 618 3569 Edw.
636 3489 668 3566 Ι.
688 3504 829 3567 contra
848 3485 1083 3594 gravamina
1102 3503 1143 3565 et
1162 3483 1406 3565 extortiones
1426 3511 1554 3595 papae,
1576 3500 1617 3566 et
1630 3483 1905 3569 ordinationes

503 3606 653 3690 ibidem
673 3605 790 3688 fasiae
809 3606 852 3688 in
873 3607 947 3689 hac
967 3605 1095 3688 causa.

408 3760 476 3842 39.
505 3732 624 3811 Bulla
640 3727 834 3810 Iohannis
854 3755 967 3838 papae
984 3743 1124 3809 contra
1139 3726 1331 3837 quosdam
1347 3754 1496 3810 errores
1517 3725 1695 3836 magistri
1710 3725 1904 3810 Iohannis

508 3856 557 3934 de
577 3850 816 3933 SenliacoS.
834 3853 886 3931 T.
903 3855 957 3932 D.

407 4003 476 4083 40.
504 3972 667 4056 Tabula
692 3971 948 4080 genealogica
977 3970 1225 4054 ostendens
1214 4000 1277 4082 lus
1303 3973 1413 4082 quod
1440 3971 1561 4054 habet
1584 3997 1652 4052 rex
1672 3971 1832 4081 Angliae
1859 3971 1905 4055 in

506 4122 678 4207 regnum
697 4092 888 4176 Franciae

407 4248 474 4327 41.
504 4222 627 4302 Breve
648 4217 749 4327 regis
770 4219 954 4300 Waltero
974 4217 1023 4298 de
1043 4214 1245 4300 Gloucest.
1277 4214 1462 4299 escaetori
1491 4161 1562 4296 suo
1583 4212 1682 4296 citra
1704 4220 1903 4298 Trentam

504 4340 715 4433 direslum,
745 4360 792 4423 ut
819 4367 888 4451 per·
909 4340 1062 4423 sacrum
1088 4341 1312 4450 proborum
1332 4358 1454 4421 eto
1391 4342 1454 4448 leg
1456 4339 1580 4420 alium
1602 4336 1848 4419 hominum
1838 4368 1903 4420 m-

504 4463 652 4573 quirat,
664 4483 805 4544 utrum
821 4461 1006 4573 quaedam
1022 4460 1304 4545 tenementain
1319 4461 1518 4570 Leystona
1535 4459 1775 4542 Knoleshale
1790 4461 1903 4544 The-

501 4585 646 4666 berton
675 4582 842 4666 suerunt
870 4579 1025 4664 abbatis
1053 4601 1093 4665 et
1120 4602 1342 4665 conventus
1367 4581 1572 4692 Leystonae
1596 4599 1689 4663 ante
1718 4580 1902 4691 publica-

504 4704 657 4786 tionem
692 4703 830 4786 statuti
860 4705 908 4784 de
941 4701 1055 4785 terris
1086 4721 1126 4785 et
1145 4703 1383 4788 tenementis
1417 4706 1467 4786 ad
1494 4718 1699 4786 mortuam
1730 4731 1902 4788 manum

500 4854 584 4908 non
606 4825 817 4935 ponendis.

407 4973 473 5054 42
502 4947 646 5031 Versus
668 4949 716 5029 de
736 4967 916 5060 tempore
936 4943 1128 5032 Iohannis
1148 4946 1287 5032 Straw

1304 5086 1306 5089 ’
1667 5086 1735 5169 43.
1763 5057 1900 5142 Lettre
