4214 5910
363 657 421 751 28
534 655 537 661 ’
1063 651 1240 745 XLIV.

339 846 430 953 sare
443 839 641 952 fiabjealnm
660 857 695 921 et
715 839 947 923 obedientem:
977 857 1012 919 et
1029 838 1197 920 articulis
1201 838 1298 947 fidei
1314 834 1475 947 efferfiem
1487 836 1639 946 prabet.
1687 839 1802 920 Nibil
1814 871 1904 925 vera
1948 816 1954 825 Β

261 985 265 989 ·
353 963 413 1046 bic
426 965 585 1045 inuenies
600 963 862 1074 destrbjetliane
880 961 994 1075 apte
1011 964 1175 1042 Romana
1189 958 1235 1040 ab
1253 961 1369 1042 eleblis
1374 957 1492 1068 pastea
1501 963 1640 1057 enable,
1660 990 1723 1043 nec
1736 962 1778 1043 dr
1792 982 1900 1045 tran-

340 1085 649 1197 fiabssantiatiane.
709 1121 711 1126 ·
745 1138 748 1143 -

414 1238 451 1315 3.
482 1207 594 1286 Ordo
615 1199 786 1316 qualiter
802 1208 945 1286 domus
966 1203 1042 1286 Dei
1061 1202 1116 1285 est
1136 1203 1408 1286 consecranda.

409 1330 630 1438 Pralr'xaest
656 1332 730 1410 beec
751 1328 1014 1439 consecrationis
1028 1329 1172 1436 farma,
1201 1328 1421 1435 campleilens
1440 1355 1507 1408 nan
1521 1327 1637 1440 solnm
1663 1328 1760 1409 ritus
1786 1327 1826 1408 in
1844 1356 1901 1408 ec·

356 1452 462 1558 alesta
478 1450 728 1561 carzseerntiane
744 1449 983 1560 observandas,
1000 1449 1071 1558 sed
1084 1450 1194 1528 etiam
1209 1447 1375 1555 formam
1393 1449 1617 1556 carficrandi
1640 1450 1774 1530 altaris
1793 1451 1903 1530 eime-

354 1575 458 1668 terii,
487 1571 700 1682 baptisterii,
721 1575 940 1680 amniumque
958 1569 1239 1678 vestimentorum
1257 1587 1291 1650 et
1310 1570 1498 1668 librarum²
1525 1570 1647 1681 quibus
1669 1576 1728 1652 uti
1741 1570 1902 1680 solebant

356 1695 503 1806 minares
523 1695 631 1803 nestri
647 1696 687 1776 in
692 1695 816 1804 saeris
833 1692 1059 1784 celebrandis.
1355 1699 1357 1702 ’

411 1820 556 1898 Patena
585 1816 805 1898 benedicitur
833 1826 859 1859 “
878 1815 931 1896 ad
945 1814 1189 1923 conficiendum
1218 1816 1258 1896 in
1286 1845 1328 1897 ea
1349 1832 1472 1924 carpus
1489 1817 1686 1927 Damini‚”
1715 1834 1750 1897 et
1776 1832 1905 1898 aratur

361 1952 388 1987 “
410 1959 452 2021 ut
479 1939 675 2050 quicunque
700 1969 743 2020 ex
767 1939 834 2019 bac
854 1956 990 2047 patena
1018 1966 1077 2018 ore
1093 1956 1224 2047 panem
1246 1939 1436 2048 straratum
1457 1940 1696 2048 perceperint,
1728 1937 1905 2047 Christum

359 2074 386 2109 “
406 2063 536 2142 vivum
564 2082 599 2142 et
625 2092 752 2143 nerum
772 2080 903 2170 panem
930 2061 1031 2142 carde
1057 2060 1299 2169 concupiscant
1316 2078 1352 2142 et
1378 2061 1576 2169 capiant:”
1604 2062 1645 2141 in
1670 2061 1793 2141 calicis
1819 2090 1905 2142 vero

356 2183 590 2265 beneditllane
615 2203 757 2278 aratur,
788 2183 1098 2293 “etquicunque
1125 2183 1297 2289 mssicam
1315 2183 1510 2294 sanguinis
1537 2182 1671 2292 Chresti
1702 2181 1905 2263 memoriam

360 2317 387 2352 “
402 2305 747 2414 praegustaverint‚”
767 2307 841 2387 &a
875 2307 1056 2419 veesculum
1083 2304 1304 2412 eracharistiae
1331 2323 1483 2388 vacatur
1514 2316 1542 2350 “
1560 2305 1622 2386 hac
1648 2303 1799 2412 misterii
1825 2333 1905 2385 car·-

361 2438 388 2475 “
400 2428 503 2536 poris
521 2427 654 2536 Christi
665 2418 853 2537 gernlnm’'
881 2445 917 2509 et
946 2437 973 2473 “
994 2427 1157 2536 Corporis
1177 2426 1312 2536 Christi
1327 2457 1457 2511 navum
1470 2426 1720 2539 sepulchrum’'
1748 2446 1783 2507 et
1812 2437 1838 2474 “
1858 2427 1924 2510 ad'

356 2560 387 2650 ·“
406 2549 538 2657 mistici
554 2552 707 2658 carparis
726 2551 799 2657 m'us
815 2549 1024 2658 emetien’
1045 2550 1277 2660 consecratur.

414 2675 530 2765 Crux,
543 2671 720 2781 peplqnam
740 2672 938 2781 carficrata
954 2671 1012 2777 est,
1033 2674 1220 2754 adoratur.

413 2793 593 2900 Imagines
616 2823 695 2902 qun
717 2795 962 2904 corficrantur
978 2795 1071 2904 fiant
1081 2795 1223 2904 fienda
1245 2794 1362 2875 tracis
1386 2792 1548 2902 virginis
1569 2794 1714 2876 Maria
1735 2792 1908 2902 gestantis

359 2908 549 3021 Christum,
569 2933 605 2996 et
610 2916 738 3026 sanbli
756 2917 900 2996 Ioannis
918 2915 1174 3024 Evangelistae.

413 3066 455 3141 4.
485 3037 598 3117 Ordo
633 3064 778 3120 novem
814 3035 1158 3119 ecclesiasticorum
1196 3038 1411 3146 graduum,
1450 3063 1626 3147 quorum
1664 3036 1818 3148 primus
1851 3035 1908 3118 est

483 3157 678 3257 ostiarius,
712 3159 906 3242 secundus
935 3160 1144 3270 psalmista,
1176 3158 1316 3243 tertius
1342 3158 1480 3259 ledor,
1511 3178 1679 3270 quartus
1704 3157 1908 3257 exorcista,

483 3280 651 3391 quintus
671 3281 876 3380 accolitus,
904 3282 1033 3365 sextus
1052 3280 1329 3391 subdiaconus,
1356 3282 1544 3394 septimus
1564 3281 1777 3381 diaconus,
1796 3278 1910 3362 obla-

483 3430 558 3484 vus
577 3404 776 3514 presbiter,
797 3432 931 3486 nonus
952 3403 1169 3514 episcopus.

416 3551 454 3633 ς.
471 3525 596 3606 ‚Ordo
611 3526 782 3636 qualiter
793 3523 838 3605 in
854 3530 1040 3607 Romana
1056 3525 1421 3636 ecclesiepresbiteri
1436 3523 1590 3608 diaconi
1604 3523 1833 3608 subdiaconi
1847 3523 1910 3607 vel

360 3645 480 3728 ceteri
505 3648 650 3755 gradus
670 3645 906 3729 clericorum
924 3674 947 3728 a
964 3645 1148 3733 Domino
1174 3646 1364 3760 pontifice
1382 3647 1608 3760 apostolicae
1623 3648 1718 3732 sedis
1745 3644 1910 3729 benedi-

361 3767 476 3850 cendi
494 3787 532 3848 et
551 3768 763 3850 ordinandi
781 3767 886 3856 sunt.
1118 3850 1121 3856 .

416 3894 462 3971 In
479 3891 700 3972 ordinatiane
716 3892 858 3977 diaconi
873 3893 1043 4004 episcopus
1060 3893 1118 3975 ait
1147 3903 1174 3940 “
1190 3895 1313 4006 accipe
1329 3893 1426 4002 istud
1437 3897 1597 3980 valeamen
1615 3892 1810 4003 euangelii
1836 3891 1911 4002 lege

359 4022 384 4057 ‘⁴
405 4029 440 4092 et
455 4013 615 4121 intellige
632 4031 667 4094 et
684 4034 725 4095 tu
742 4015 827 4096 aliis
844 4017 961 4112 trade,
982 4034 1018 4098 et
1034 4035 1075 4097 tu
1093 4034 1192 4126 apere
1208 4018 1361 4126 adimple
1370 4035 1441 4126 per
1458 4017 1549 4099 Cb'ri
1575 4021 1671 4098 nm.''

414 4138 460 4215 In
480 4134 676 4248 prepbiteri
701 4137 923 4219 ordinatiane
950 4139 1048 4219 nulla
1074 4139 1203 4222 mentia
1226 4139 1409 4236 celibatus,
1437 4140 1536 4222 nulla
1563 4139 1716 4222 traditio
1733 4138 1858 4220 calicis
1873 4155 1925 4220 et¹

355 4273 512 4366 patenae,·
518 4257 590 4368 sed
602 4258 823 4367 consecratur
852 4270 878 4307 “
897 4262 949 4342 ad
963 4260 1149 4346 ablatiarns
1162 4263 1359 4371 faciendas
1370 4280 1440 4371 pra
1457 4262 1561 4344 vivis
1580 4281 1615 4344 et
1633 4262 1794 4357 mortuis,
1817 4275 1853 4342 et
1869 4278 1911 4343 ut

362 4391 387 4422 “
401 4379 609 4489 ⁴insalutem
623 4382 690 4491 pa
706 4400 741 4462 et
757 4381 864 4465 totins
874 4382 988 4493 plebis
1000 4384 1095 4494 fine,
1121 4404 1244 4495 carpus
1259 4401 1295 4467 et
1305 4384 1522 4496 sangninem
1530 4384 1616 4494 filii
1632 4384 1714 4466 Dei
1733 4383 1911 4472 immacu-

366 4510 399 4545 “·
410 4503 487 4581 lata
505 4500 737 4584 beneditliane
754 4507 1021 4614 transfarneet.''

343 4687 353 4698 .
421 4624 459 4702 6.
489 4621 702 4704 Ordinatio
720 4625 889 4738 episcopi
910 4643 949 4708 et
970 4625 1273 4740 archiepiscopi.

385 4821 390 4831 ,
418 4747 463 4824 ln
490 4744 741 4855 archiepiscopi
765 4741 987 4831 ordinatione
1013 4750 1112 4833 nulla
1133 4750 1292 4863 praseffi'a
1305 4751 1537 4864 stabjetdimis
1563 4753 1705 4865 ecclefiae
1724 4754 1926 4847 Romana„

356 4867 510 4978 pallium
529 4896 614 4946 vera
635 4867 774 4951 dicitur
790 4871 826 4948 ei
843 4868 903 4979 effe
921 4873 1098 4960 teatinum
1117 4873 1284 4988 asttmmt
1292 4875 1473 4993 pontifice.
1503 4927 1505 4931 <

420 5016 459 5100 7.
489 4987 741 5074 Consecratio
759 4986 881 5103 negiu
1024 4998 1027 5007 ’

1785 5118 1923 5206 Finita
