4214 5910
885 661 1019 761 LVI.

272 861 385 942 Hunc
403 849 645 964 apographum
654 837 750 961 steri
759 842 862 962 feeit
880 852 1069 936 Parkerus
1086 882 1129 937 ex
1147 856 1263 940 codice
1278 843 1527 943 Arundeiiono
1544 878 1586 944 ut
1596 711 1762 973 potetgeie

208 979 415 1099 prefatione
433 974 597 1057 editionis
610 976 705 1086 suae.
764 974 929 1083 Hestorio
947 977 1065 1059 minor
1081 978 1203 1088 desinit
1227 983 1267 1062 in
1284 1012 1376 1064 anno
1400 1010 1446 1064 12
1452 1010 1517 1090 50,
1547 1001 1680 1069 catera
1698 989 1761 1070 de-

60 1098 65 1107 *
202 1107 401 1225 fhmuntur
419 1128 463 1180 ex
479 1097 625 1207 historia
642 1098 775 1207 mojori
783 1137 798 1194 -3
828 1113 864 1178 et
882 1126 926 1178 ex
943 1099 1005 1182 hoc
1021 1101 1134 1185 codice
1152 1104 1346 1214 editdfiont
1363 1134 1389 1185 a
1402 1108 1568 1190 Porkexo
1586 1110 1760 1219 utistdeiie

202 1231 362 1342 faciunt
385 1240 477 1305 notae
495 1221 758 1333 tjpogrophicae
777 1220 942 1328 margini
964 1223 1161 1336 ioffcriptae.
1217 1227 1332 1310 Codex
1347 1246 1458 1339 perro
1480 1248 1633 1314 ornatur
1643 1233 1762 1345 scutis

215 1353 400 1448 nobilium,
419 1348 494 1429 &o
523 1344 576 1427 od
588 1344 715 1453 ostar,
737 1344 809 1429 cod.
829 1347 978 1429 XXVI.
994 1349 1103 1430 XVI.

887 1551 1085 1669 LVII.

270 1719 385 1805 Codex
409 1715 691 1798 membranaceus
709 1712 949 1824 vetustifflmus
969 1716 1011 1799 in
1029 1715 1080 1822 4⁸⁰
1097 1716 1224 1828 major.
1248 1718 1368 1801 literis
1385 1716 1573 1804 Saxonieis
1583 1724 1761 1834 scriptm,

212 1844 278 1965 qui
291 1843 387 1939 olim,
403 1840 462 1923 uti
475 1838 637 1935 videtur,
644 1836 735 1945 fuit
748 1839 949 1949 moneyierii
959 1838 1263 1954 Abbenduneofis3
1284 1843 1325 1923 in
1339 1871 1375 1925 eo
1389 1861 1508 1927 autem
1522 1847 1762 1947 continentur,

276 1996 309 2049 1.
340 1963 497 2073 Regula
515 1958 639 2048 sanffl
658 1960 874 2045 Benediffi.

272 2118 310 2172 2.
339 2082 577 2170 Memon‘ale
595 2082 766 2195 qualiter
783 2084 827 2168 in
846 2084 1085 2172 monasterio
1102 2085 1328 2170 conversare
1344 2089 1547 2172 debemus.

271 2242 309 2321 3.
339 2208 527 2320 Epitome
547 2204 747 2290 Lothwici
764 2207 1014 2322 imperatoris
1034 2208 1149 2323 super
1168 2211 1348 2322 regulam
1367 2210 1472 2297 beati
1490 2212 1708 2297 Benedisti.

268 2363 309 2441 4.
338 2329 596 2414 Abbreviatio
614 2328 698 2438 ejus
719 2333 791 2440 qui
808 2333 938 2445 supra.

271 2484 316 2571 5.
340 2451 680 2566 Martyrologium
698 2455 1017 2540 vetustiffimum.

337 2582 384 2660 In
400 2576 567 2684 margine
583 2576 686 2684 hedos
705 2580 953 2691 martyrologii
969 2594 1142 2662 notantur
1158 2579 1282 2662 variis
1298 2576 1461 2662 monibus
1478 2576 1591 2660 obitus
1603 2580 1764 2695 diverso-

339 2699 636 2809 rumstznolorum
654 2719 689 2780 et
706 2702 964 2801 monachorum,
984 2702 1082 2784 inter
1099 2732 1180 2816 quos
1199 2703 1410 2814 Dardanos
1428 2718 1464 2785 et
1481 2701 1595 2784 Beda.

271 2830 309 2907 6.
340 2820 545 2931 Smaragdi
564 2819 745 2904 diadema
767 2825 1075 2908 monachorum.
1485 2836 1488 2843 '

269 2948 411 3060 Desunt
416 2944 507 3055 fere
523 2943 596 3027 xvi
614 2945 738 3054 capito
748 2948 936 3058 postrema.

874 3155 1113 3302 Lvm.

270 3314 386 3398 Codex
403 3313 684 3397 membranaceus
702 3312 743 3396 in
748 3316 858 3428 folio,
866 3322 986 3433 fi’culo
1002 3320 1073 3403 xiv
1080 3318 1257 3430 scriptus,
1277 3317 1318 3397 in
1336 3343 1401 3427 quo
1420 3313 1634 3411 continetur,

270 3441 311 3522 T
313 3437 488 3525 radiatus
516 3437 749 3520 venerabilis
776 3442 967 3554 Stephani
996 3443 1063 3553 [de
1080 3438 1338 3547 Langetune]
1362 3433 1641 3547 archiepiscopi
1657 3434 1769 3516 Can·

214 3558 420 3643 tuarienfis
441 3558 557 3671 super
575 3560 858 3645 Ecclefiastem.

270 3683 467 3796 Adfinemo
499 3694 526 3730 “
548 3684 609 3765 Sit
625 3684 668 3766 de
686 3685 783 3767 valle
800 3687 882 3771 Dei
901 3687 1051 3770 Roberti
1069 3715 1164 3770 mons
1183 3683 1320 3793 requiei

496 3817 524 3908 ,“
544 3809 701 3905 MWS,
722 3838 777 3889 me
794 3810 893 3919 cujm
909 3810 1083 3922 explicuit
1101 3807 1270 3893 calamus.

906 4021 1077 4137 LIX.

272 4180 387 4263 Codex
404 4177 686 4262 membranaceus
705 4178 861 4288 infeolio,
874 4185 994 4298 seculo
1014 4184 1083 4264 xiv
1103 4184 1143 4263 in
1162 4172 1312 4263 cenobio
1332 4175 1392 4254 D.
1407 4166 1589 4264 Martini,
1610 4180 1651 4245 ut
1665 4164 1770 4246 vide-

215 4303 478 4415 tur‚scriptus,
499 4304 540 4384 in
559 4332 624 4414 quo
642 4303 881 4401 continentur,
1679 4412 1717 4488 Α

1614 4436 1649 4489 1.
1718 4435 1768 4490 n·

274 4722 399 4806 LVII.]
417 4725 480 4794 Vei.
497 4725 563 4788 Cet.
580 4723 618 4788 Β.
636 4745 668 4808 4.
685 4722 782 4791 MSS.
799 4724 884 4806 Aegi.
905 4725 1075 4813 1292··16.

282 4820 329 4901 1.]
347 4818 416 4885 Vide
432 4817 652 4884 CLXXVIII.
671 4840 702 4887 2.
719 4817 967 4901 CCCLXVIII.

275 4910 416 4996 Lv111.]
434 4915 497 4982 Vct.
514 4914 580 4978 Coo.
597 4911 649 4978 M.
670 4935 720 4981 12.
737 4914 833 4981 MSS.
849 4913 934 4995 Angl.
954 4930 1148 5001 1427--150.

277 5006 418 5092 LV111.]
436 5011 506 5078 Vide
520 5008 648 5075 XXXI.
665 5008 737 5074 LV.
752 5005 945 5074 LXXXIX.
961 5009 1083 5075 CCIV.

276 5102 386 5189 le.]
402 5107 465 5178 Vei.
481 5107 548 5174 Cot.
564 5103 609 5174 D.
629 5126 658 5174 ι.
673 5105 772 5175 MSS.
786 5104 871 5188 Aegl.
892 5106 1064 5194 1308··32.

949 5215 984 5295 E
1007 5239 1030 5294 2
