4214 5910
361 686 453 761 rao
1090 659 1220 760 CXl.

393 896 396 905 -
478 837 542 949 (ό)
564 834 826 927 Manumilllo
842 835 1046 949 Hildesrgi,
1066 867 1187 953 quem
1208 865 1255 927 ex
1271 835 1438 952 AElfsrgo
1452 840 1595 930 abbate
1609 859 1760 933 emerat
1778 860 1897 962 pater

481 960 573 1048 suus
594 958 812 1071 AEgelsrgus
833 960 966 1073 Byttci
985 960 1090 1046 lilius
1111 962 1164 1047 60
1184 959 1369 1047 denariis.

481 1083 547 1191 (7)
568 1081 829 1169 Manumissro
849 1079 1042 1192 Leofgifae
1070 1101 1341 1190 cognomento
1360 1087 1537 1191 Dagean
1564 1085 1613 1171 de
1635 1087 1898 1177 Nortbstolce

390 1275 395 1285 .
480 1230 574 1291 cum
604 1203 715 1319 prole
734 1202 800 1289 sua
819 1228 940 1318 quem
964 1228 1012 1292 err
1031 1202 1200 1317 AElfsrgo
1219 1200 1361 1290 abbate
1380 1202 1479 1291 emit
1497 1204 1721 1320 Godwigus
1740 1235 1898 1325 eogno-

478 1328 779 1413 mmmBmm.

479 1445 544 1550 (8)
566 1442 825 1534 Manumillro
858 1440 1048 1528 Godwini
1076 1456 1349 1557 cognomento
1377 1445 1477 1529 Baee
1509 1446 1559 1531 de
1591 1447 1788 1536 stantune
1820 1475 1897 1565 per

478 1566 689 1680 AElfsrgum
710 1566 908 1650 abbatem.

410 1712 448 1798 5.
463 1688 694 1801 Evangelia
714 1686 879 1801 legenda
898 1685 940 1771 in
961 1683 1114 1794 aliquot
1133 1683 1253 1783 festia,
1274 1701 1313 1769 et
1331 1684 1532 1771 orationes
1552 1685 1741 1787 dicendae,
1765 1710 1806 1803 p.
1824 1717 1896 1779 21.

409 1816 448 1899 6.
479 1809 724 1920 Genealogia
735 1835 874 1918 regum
886 1807 1043 1918 Angliae
1058 1807 1108 1891 ab
1121 1808 1340 1892 Adamoad
1353 1807 1601 1920 Stephanum
1614 1837 1760 1922 regem,
1770 1829 1811 1921 p.
1826 1840 1896 1925 27·

409 1960 449 2050 7.
478 1930 610 2017 Breuis
629 1927 790 2017 historia
805 1929 852 2014 de
867 1926 1013 2042 septem
1035 1923 1165 2040 regnis
1183 1926 1422 2043 heptarchiae
1437 1955 1484 2013 err
1500 1928 1706 2014 Florentio
1724 1929 1896 2043 Wigor·

480 2051 618 2150 nienfi,
641 2069 683 2162 p.
701 2075 765 2159 29.

411 2175 448 2263 8.
478 2173 685 2263 Saewulfus
709 2173 758 2255 de
777 2169 852 2253 lrtu
872 2165 1134 2267 Hierusalem,
1151 2170 1235 2278 five
1255 2168 1330 2256 iter
1348 2167 1433 2278 ejus
1461 2169 1512 2254 ad
1532 2186 1679 2256 tertam
1698 2170 1896 2277 santiam,

479 2316 518 2381 et
536 2285 744 2408 descriptio
763 2288 950 2395 ejusdem,
973 2306 1014 2398 p.
1033 2315 1099 2398 37.

410 2448 448 2526 9.
478 2413 739 2505 Narrationes
759 2409 1028 2523 plurimorum
1050 2407 1351 2504 miraculorum,
1376 2425 1417 2517 p.
1434 2409 1501 2514 48.

354 2543 379 2601 *
397 2536 769 2632 *REGISTRUM
786 2533 1109 2616 CARTARUM
1124 2532 1381 2612 ABBATIAE
1397 2533 1613 2615 8.PETRI
1626 2535 1701 2614 DE
1718 2535 1894 2623 BATH.

253 2644 269 2735 .’
411 2692 473 2749 10.
501 2655 728 2743 conventio
748 2654 852 2737 inter
871 2650 1043 2764 priorem
1064 2670 1103 2733 et
1122 2668 1367 2733 conventum
1387 2671 1426 2735 et
1446 2650 1661 2735 Matildam
1681 2654 1895 2747 dominam

502 2784 550 2865 de
570 2775 813 2862 Bathneston
833 2777 884 2858 A.
900 2778 951 2854 D.
976 2775 1092 2877 1269,
1112 2774 1160 2853 de
1180 2768 1348 2877 pasturis
1368 2789 1408 2854 et
1425 2771 1670 2873 communis,
1694 2793 1736 2882 p.
1754 2803 1776 2884 5
1782 2803 1818 2884 ς.

413 2932 472 2996 11.
502 2895 765 3006 I-ndulgentiae
794 2893 978 2978 conceliae
1007 2922 1029 2975 a
1052 2890 1290 2974 Theobaldo
1310 2891 1588 2976 Cantuariensr
1616 2897 1794 2980 Roberto
1813 2901 1895 2983 Ba-

502 3018 685 3106 thorrensr
715 3021 856 3101 Marco
885 3012 1100 3097 Cluanenst
1133 3030 1173 3093 et
1201 3011 1402 3094 Nicholao
1430 3015 1678 3100 Landavenst
1707 3017 1895 3132 episcopo

500 3144 547 3229 iis
583 3140 654 3254 qui
693 3136 977 3221 monasterium
1009 3133 1259 3219 Bathonense
1292 3131 1534 3222 visrtaverint
1571 3135 1616 3224 in
1649 3138 1894 3233 exaltatione

503 3262 646 3348 sanetae
667 3258 808 3353 crucis,
831 3275 873 3367 p.
892 3284 955 3365 54.

411 3418 472 3484 12.
501 3380 710 3473 Dedicatio
730 3378 895 3461 oratorii
924 3378 966 3460 in
992 3374 1182 3461 suburbio
1201 3374 1442 3459 Bathonensr
1471 3373 1515 3458 in
1543 3376 1697 3460 honore
1717 3383 1895 3466 S.Wer-

499 3509 636 3611 burgae
655 3520 694 3583 et
714 3504 751 3581 S.
764 3503 800 3580 S.
815 3497 1007 3583 Iohannis
1023 3496 1208 3609 Baptistae
1227 3513 1268 3576 et
1287 3494 1518 3591 Katherinae
1537 3497 1700 3605 virginis
1721 3518 1761 3582 et
1781 3528 1894 3584 mar.

492 3624 578 3711 tiris
598 3651 667 3732 per
687 3623 904 3703 Nicolaum
926 3617 1222 3702 Landavensem
1244 3617 1490 3727 episcopum,
1519 3619 1611 3702 ibid.

412 3778 472 3868 ¹3·
503 3744 695 3830 sodalitas
712 3737 891 3851 religiosa
907 3737 1096 3821 Saxonice
1111 3736 1252 3846 scripta
1272 3764 1362 3846 quae
1378 3737 1478 3818 inita
1495 3737 1576 3821 fuit
1590 3739 1694 3823 inter
1709 3745 1893 3829 Wulsta-

499 3893 601 3950 num
621 3863 850 3972 episcopum
865 3857 1202 3966 Wigorniensem‚
1223 3855 1488 3964 AEgelwigum
1510 3860 1695 3943 abbatem
1716 3863 1892 3948 Eoflha-

498 3982 702 4074 miensem‚
728 3978 1023 4062 Wolfwoldum
1050 3979 1236 4059 abbatem
1247 3980 1306 4056 xde
1326 3975 1560 4086 Ceortesrge,
1581 3979 1796 4091 AElfstgum
1816 3987 1892 4067 ab·

496 4112 630 4192 batem
669 4099 989 4194 Bononiensem,
1038 4100 1302 4180 Edmundum
1351 4100 1536 4180 abbatem
1581 4103 1890 4206 Perscorensem,

499 4224 733 4315 Rawulfum
770 4224 954 4304 abbatem
979 4216 1423 4316 Wincelcumbiensem,
1455 4222 1659 4304 berlonem
1682 4226 1881 4312 'abbatem
1961 4260 1968 4276 ·

329 4422 332 4427 ,
497 4341 890 4437 Gleweceastrensem
924 4359 964 4423 et
989 4339 1234 4424 AElfstanum
1267 4342 1464 4424 decanum
1493 4341 1892 4451 Wigoceastrensem,

395 4618 470 4698 ²14·
489 4489 670 4675 iioiitio
702 4613 753 4694 30
784 4581 1013 4666 mansarum
1044 4604 1101 4659 aee
1123 4576 1358 4674 uyuoanhame
1385 4580 1625 4664 monasterio
1655 4587 1693 4666 S.
1709 4586 1816 4671 Petri
1842 4587 1892 4674 in

497 4704 696 4790 bathonia
714 4732 782 4813 per
803 4701 1034 4808 AEdwigum
1055 4725 1187 4807 regem
1212 4709 1261 4780 A.
1280 4702 1332 4780 D.
1356 4729 1379 4806 9
1385 4703 1452 4806 56,
1474 4720 1516 4809 p.
1534 4728 1601 4811 57.

404 4855 466 4948 ις.
495 4822 674 4909 Donatio
703 4847 762 4905 xa
791 4821 1043 4906 manentium
1074 4819 1117 4900 in
1146 4819 1251 4934 Slepi
1271 4819 1485 4930 Bernguidi
1514 4823 1709 4907 abbatissa
1728 4845 1767 4908 et
1796 4855 1892 4911 mo-
1955 4798 1959 4805 ⁴

495 4946 665 5039 ualterio
683 4944 767 5064 ejus
789 4971 858 5066 per
875 4943 1152 5040 Withardum,
1176 4960 1217 5052 p.
1237 4968 1300 5052 59.

1707 5069 1769 5161 16.
1798 5071 1892 5158 Do·
