4214 5910
232 743 236 750 ,
321 600 323 603 V
372 645 436 772 3⁶
1105 634 1239 734 LIX.

395 866 400 877 ·
426 852 461 908 1.
490 818 670 908 Anselmi
688 814 982 903 Cantaurienfis
1001 813 1137 926 imago
1157 811 1315 913 mundi,
1334 810 1405 897 lib.
1425 809 1468 896 ii.

420 945 501 1028 Hic
524 945 662 1027 libellus
686 944 727 1023 in
746 942 819 1023 olio
837 940 953 1022 codice
978 939 1082 1047 hujm
1102 936 1337 1032 bibliothecae,
1357 935 1442 1017 viz.
1461 933 1610 1018 LXVI.
1635 957 1668 1015 1.
1688 931 1914 1044 oriscribdur

365 1066 529 1150 Henrico
547 1066 740 1148 canonico:
770 1080 941 1144 coeterum
959 1062 1097 1143 omnino
1122 1060 1309 1170 consonant
1327 1059 1404 1140 baec
1420 1056 1488 1139 duo
1506 1052 1744 1166 exemplario,
1752 1058 1795 1166 st
1809 1061 1911 1141 exci-

359 1188 448 1298 pias
468 1188 643 1298 prologos,
671 1185 736 1297 qni
748 1184 843 1295 stant
859 1184 1007 1291 diverst,
1036 1201 1072 1266 et
1089 1181 1364 1291 chronologiam,
1392 1207 1473 1290 qoae
1490 1178 1645 1260 ulterius
1662 1177 1855 1264 deducitur
1871 1182 1917 1264 in

368 1308 442 1392 cod.
461 1311 611 1391 LXVI.

422 1456 462 1512 2.
491 1428 669 1540 Epistola
696 1423 897 1534 presbiteri
922 1421 1086 1510 Ioannis
1110 1424 1159 1506 de
1184 1421 1300 1506 India
1324 1425 1376 1506 ad
1399 1421 1664 1506 Emanuelem
1693 1409 1912 1532 imperato·
1962 1474 1967 1482 ·

490 1577 574 1632 rem
596 1547 948 1657 Constantinopol.

423 1699 461 1782 3.
491 1668 670 1780 Epistola
688 1666 906 1751 Alexandri
926 1663 1028 1776 regis
1051 1691 1190 1775 magm
1176 1661 1444 1747 Macedonis
1470 1666 1520 1746 ad
1540 1661 1779 1774 magistrum
1795 1662 1914 1750 suum

357 1884 360 1891 ι
491 1790 745 1872 Aristotelem
765 1788 814 1868 de
834 1787 910 1870 sltu
929 1786 1066 1870 Indiae.

367 1939 464 2021 4.
493 1910 697 1994 Chronica
723 1913 1007 1993 Romanorum
1036 1906 1283 2019 pontificum.
1310 1935 1337 1991 a·
1360 1922 1542 2020 tempore
1572 1904 1665 2014 Jesu
1692 1902 1915 1989 Christiet

378 2074 381 2080 ·
494 2028 736 2116 Ollauiani
725 2031 977 2143 imperatoris
1000 2029 1208 2141 [usquead
1222 2029 1440 2113 Nicolaum
1459 2027 1503 2111 iii
1522 2056 1631 2112 anuo
1654 2050 1773 2135 1277,
1791 2044 1833 2112 et
1850 2054 1915 2111 re-

410 2242 414 2250 ,
491 2151 660 2240 centiori
679 2181 805 2235 manu
823 2155 874 2236 ad
892 2154 1145 2237 Clementem
1163 2151 1221 2249 vi,
1237 2169 1377 2236 autore
1395 2150 1579 2235 Martino
1598 2149 1790 2258 Polono.]

421 2279 469 2357 In
486 2274 549 2356 hoc
566 2275 683 2358 codice
702 2277 864 2387 nullofit
881 2277 1012 2359 mentio
1031 2276 1220 2385 Johonnae
1232 2275 1399 2388 papiſjae.

424 2421 464 2504 5.
494 2395 840 2481 commemoratio
869 2397 1088 2481 stationum
1118 2397 1229 2480 urbis
1255 2401 1423 2494 Romam
1443 2394 1688 2509 -episcopi
1717 2393 1789 2505 qui
1820 2394 1915 2478 sunt

353 2590 355 2594 ,
494 2514 726 2602 immediate
755 2518 920 2624 subjedli
947 2546 1088 2630 papae
1104 2565 1160 2583 -
1178 2518 1345 2603 ecclesrae
1373 2518 1555 2630 quinque
1588 2516 1877 2629 parochiales
1868 2545 1914 2600 m

491 2640 649 2745 Roma.
671 2685 725 2702 -
743 2639 938 2724 eccleslae
929 2669 972 2724 ιιι
991 2645 1125 2726 Roma
1144 2641 1292 2752 quibus
1318 2640 1498 2751 assignati
1519 2639 1611 2724 sunt
1630 2636 1832 2750 presbiteri
1850 2637 1914 2720 vel

488 2740 651 2850 diaconi
680 2760 922 2847 cardinales.
942 2762 1302 2874 —archiepiscopi
1334 2790 1431 2846 cum
1466 2761 1543 2843 suis
1577 2759 1879 2870 suffraganeis
1867 2788 1913 2843 ιιι

491 2878 652 2977 Siculia,
696 2883 898 2980 Calabria,
933 2884 1098 2995 Apulia,
1137 2886 1285 2967 Tere-a
1289 2883 1449 2981 laboris,
1496 2881 1663 2981 Tuscia,
1698 2879 1915 2982 Flaminia,

490 2999 757 3098 Lumbardia,
773 3003 979 3087 Dalmatia
996 3004 1116 3115 supra
1135 3032 1256 3103 mare,
1278 3005 1391 3088 Istria
1409 3003 1527 3115 supra
1547 3029 1669 3099 mare,
1691 2999 1912 3098 sclavonia,

489 3121 717 3230 Hungaria,
734 3122 917 3221 Polonia,
933 3123 1204 3223 Alamannia,
1220 3124 1446 3225 Provincia,
1464 3121 1713 3233 Burgundio,
1729 3119 1914 3217 Francia,

489 3241 761 3340 Normannia,
782 3244 1016 3354 Aquitania,
1043 3243 1251 3342 Vasconia,
1279 3244 1421 3343 Tocia,
1449 3241 1674 3338 Catalonia,
1701 3239 1913 3352 Hispania,

347 3393 374 3458 .'
491 3363 655 3476 Anglia,
676 3364 815 3460 Dacia,
842 3365 1075 3475 Norwagia,
1102 3365 1270 3463 Suescia,
1299 3365 1444 3461 Scotia,
1474 3362 1696 3474 Hybernia,
1717 3361 1912 3461 Sardinia,

423 3583 424 3586 4
449 3477 600 3583 ultra
625 3510 734 3564 mare
754 3482 857 3564 seu
847 3511 890 3566 ιιι
917 3503 1031 3595 parte
1054 3485 1307 3586 infidelium·
1328 3533 1380 3553 -
1397 3485 1656 3597 imperatores
1676 3481 1854 3567 Romani
1872 3502 1915 3566 et

433 3611 437 3619 '
447 3590 604 3711 reges
624 3600 855 3685 Christiani

423 3727 463 3807 6.
490 3725 708 3859 Catalogus
743 3722 986 3833 pontificum
1023 3729 1306 3812 Romanorum
1341 3753 1365 3811 a
1399 3726 1518 3809 beato
1552 3727 1672 3810 Petro
1705 3726 1756 3808 ad
1788 3723 1914 3809 Nico-

494 3843 664 3925 laum...
625 3872 686 3926 ιιι.

423 3991 463 4074 7.
492 3966 556 4046 De
576 3962 848 4050 schismatibus
870 3963 913 4048 in
932 3965 1018 4049 sede
1038 3973 1236 4052 Romana.

427 4090 471 4172 8..
493 4088 711 4198 Catalogus
750 4087 1139 4202 archiepiscoporum
1173 4095 1368 4178 Cantuar.
1402 4117 1425 4173 a
1458 4093 1497 4174 S.
1516 4088 1734 4199 Augustini
1771 4088 1822 4171 ad
1854 4089 1915 4172 Si·

496 4236 661 4293 monem
680 4209 918 4320 Mepeham.

1721 4347 1760 4427 9.
1789 4320 1912 4402 Caea-

428 4628 476 4711 ι.]
492 4626 560 4693 Vide
574 4625 697 4692 LXVI.
718 4650 746 4695 ι.
764 4651 813 4698 12.
833 4630 891 4699 ιθ.

424 4741 475 4826 2.]
490 4743 560 4812 Vnde
574 4739 698 4806 LXVI.
718 4764 768 4830 *3-

422 4858 470 4946 3·]
488 4858 558 4927 thc
572 4857 771 4925 CCCLXX.
790 4880 826 4926 2..

420 4977 474 5066 4·]
490 4977 561 5048 no
578 4999 627 5048 ιι.
646 4976 803 5046 CXCIV.
820 4998 851 5066 5.
869 4977 1102 5050 ccccxxn.
1122 5001 1152 5050 ι.
1168 4978 1433 5051 CCCCXXVII‘.
1448 5002 1481 5070 4.
1497 4998 1532 5068 53.
