4214 5910
859 605 1136 725 LXXXIV·
1729 663 1795 778 59

311 841 350 931 9.
378 807 516 903 Litora
530 804 686 894 domini
705 804 807 916 ogis
825 804 977 924 diredia
1000 803 1222 918 justiciariis
1241 805 1318 899 suis
1340 835 1415 920 pro
1434 811 1683 907 moderandis
1701 838 1797 929 pso-

378 929 643 1016 hibitionibus
664 929 792 1038 regiis.
1754 937 1757 943 ’

315 1083 377 1138 10.
406 1051 653 1136 Constitutio
674 1056 728 1134 D.
750 1050 922 1137 Simonis
943 1052 993 1146 de
1011 1049 1111 1162 Issep
1128 1054 1177 1135 de
1196 1050 1302 1136 festis
1322 1080 1392 1165 per
1409 1053 1563 1137 annum
1588 1055 1795 1142 observan-

406 1176 481 1271 dis,
502 1176 597 1256 data
614 1175 723 1285 apud
740 1171 985 1283 Maghefeld,
1006 1181 1058 1263 A.
1075 1178 1129 1261 D.
1153 1177 1270 1287 1362.

304 1300 377 1384 11.
404 1294 721 1382 Constitutiones
741 1301 795 1379 D.
812 1294 975 1378 Ioannis
993 1295 1041 1377 de
1061 1288 1258 1391 Snatford
1276 1297 1569 1395 Cantuarienfis
1586 1299 1794 1415 anhiepis-

405 1417 497 1529 copi
515 1416 643 1514 oditae,
665 1422 715 1499 A.
732 1424 786 1500 D.
809 1445 911 1525 1342
930 1416 975 1499 in
994 1417 1150 1502 ecclelia
1170 1423 1208 1503 S.
1226 1418 1342 1502 Pauli
1360 1421 1547 1521 London.

313 1569 375 1625 12.
404 1538 719 1622 Constitutiones
735 1544 790 1620 D.
807 1540 980 1620 Thomae
996 1541 1192 1621 Arundell
1208 1540 1486 1652 archiepiscopi
1502 1541 1793 1627 cantuarienfis

405 1659 520 1743 editae
537 1658 582 1742 in
603 1660 774 1742 concilio
793 1658 1027 1769 provinciali
1046 1662 1242 1751 celebrato
1263 1661 1446 1758 oxoniis,
1467 1668 1518 1744 A.
1535 1668 1590 1745 D.
1616 1693 1731 1775 1407.

313 1814 376 1895 13.
406 1780 721 1878 Constitutiones
757 1786 811 1869 D.
835 1781 1011 1863 Othonis
1045 1781 1268 1895 apostolicae
1304 1780 1400 1866 sedis
1438 1784 1558 1895 legati
1594 1786 1795 1885 celebratae

403 1901 641 2000 Londoniis,
661 1907 713 1993 A·
730 1909 786 1992 D.
811 1932 913 2014 1237
934 1931 1029 1986 cum
1048 1903 1181 2015 gloffa.

312 2056 375 2133 14.
404 2025 721 2109 constitutiones
742 2024 941 2108 Ottoboni
961 2025 1184 2136 apostolicae
1204 2024 1299 2110 sedis
1317 2024 1435 2135 legati
1454 2054 1548 2109 cum
1567 2025 1702 2135 glossa.
1734 2043 1737 2047 ’

314 2177 376 2257 15.
406 2147 721 2232 Constitutiones
747 2146 1009 2258 provinciales
1026 2147 1070 2231 in
1089 2147 1260 2249 concilio
1280 2148 1450 2231 Oxoniis
1469 2148 1664 2232 celebrato
1682 2147 1795 2233 editae

405 2297 478 2386 per
497 2275 551 2353 D.
571 2270 820 2382 Stephanum
841 2268 1165 2368 Cantuariensom
1185 2268 1537 2386 nrsh'sepiscopum²
1565 2297 1679 2371 1222.

314 2396 375 2477 16.
406 2391 723 2479 Constitutiones
744 2397 798 2481 D.
813 2389 1017 2479 Bonefacii
1033 2390 1311 2504 archiepiscopi
1328 2389 1623 2484 cantuariensis
1641 2391 1685 2484 in
1698 2419 1796 2493 con-

404 2513 498 2596 cilio
516 2513 742 2596 Westmon.
1093 2516 1095 2520 ’
1701 2519 1703 2523 ’
1860 2525 1864 2538 “

314 2661 377 2746 17.
406 2633 721 2719 constitutiones
747 2637 796 2717 de
814 2637 1005 2751 Redynge
1023 2635 1137 2735 editae
1162 2634 1310 2727 ihidem
1334 2663 1403 2746 per
1421 2633 1586 2718 fratrem
1604 2639 1798 2719 Ioannem

405 2758 579 2843 Pecham
595 2747 923 2851 cantuariensem
941 2758 1292 2879 archiepiscopum.
1504 2808 1508 2817 ·

251 2950 257 2959 .
312 2877 374 2963 18.
403 2878 718 2981 constitutiones
744 2884 797 2973 D,
818 2880 972 2978 Robert
994 2880 1043 2973 de
1060 2877 1324 2994 Wynchelsey
1345 2879 1453 2993 apud
1478 2880 1644 2977 Menon
1667 2878 1796 2977 editae,

174 3041 176 3044 ’
408 3006 460 3085 Α.
480 3006 534 3083 D.
559 3004 674 3111 1360.

316 3150 377 3229 19.
406 3121 722 3205 constitutiones
739 3118 803 3202 'de
830 3123 1053 3204 Lamhethe
1080 3151 1151 3234 per
1177 3127 1232 3208 D.
1254 3120 1501 3233 Stephanum
1531 3122 1580 3206 de
1609 3125 1799 3231 Langton

409 3243 746 3354 archiepiscopum
765 3244 1106 3331 Cantuariensem.

314 3390 379 3445 20.
408 3363 724 3445 Constitutiones
751 3362 884 3445 fratris
905 3366 1067 3448 Ioannis
1089 3366 1290 3449 Peckham
1318 3364 1597 3476 archiepiscopi
1617 3369 1797 3446 Cantua-

409 3483 542 3566 riensis
563 3486 671 3595 apud
689 3483 912 3567 Lamhethe
929 3487 1057 3584 editoe,
1079 3493 1130 3569 A.
1150 3493 1204 3569 D.
1231 3483 1347 3567 1281.

313 3633 380 3689 21.
409 3605 726 3690 Constitutiones
750 3605 983 3695 venerabilis
1008 3609 1132 3718 patn‘s
1153 3614 1208 3692 D.
1225 3607 1410 3716 Symonis
1429 3609 1624 3720 Mepham
1649 3606 1799 3705 archie-

410 3727 561 3840 piscopi
595 3726 872 3814 Cantuarienfi
908 3728 954 3813 in
988 3730 1159 3814 concilio
1196 3728 1430 3840 provinciali
1469 3733 1578 3842 apud
1613 3729 1800 3833 London.
1920 3732 1924 3741 '

314 3999 380 4057 22.
393 3953 397 3958 ⁶
409 3852 724 4177 {oughthiicines
740 3971 999 4085 provinciales
1015 3974 1207 4059 Iohannis
1224 3972 1420 4057 stratford
1436 3974 1550 4058 editae
1565 3971 1801 4079 Londoniis,

252 4126 256 4135 ·
453 4157 462 4176 .
528 4157 539 4178 .
562 4121 679 4204 1342.

864 4259 1189 4375 Lxxxv.

254 4531 257 4534 ,
287 4528 289 4533 ,
313 4431 428 4518 Codex
446 4428 727 4512 membranaceus
742 4427 898 4540 infolio,
907 4429 1026 4543 seculo
1042 4430 1278 4545 xvscrtptos,
1299 4433 1340 4516 in
1359 4459 1423 4544 quo
1441 4429 1654 4524 continetur,

884 4553 889 4562 ’
1084 4585 1089 4592 ·
1611 4544 1804 4632 Iohannis

320 4835 674 4924 15.]V1deCCLXXl.
693 4854 722 4904 2.
783 4877 789 4888 ·

317 4942 512 5029 Lxxxv.]
530 4945 593 5015 Vct.
611 4946 677 5012 Cot.
693 4945 732 5012 L.
751 4965 781 5032 3.
798 4945 895 5014 MSS.
911 4945 997 5031 Aiga
1016 4964 1209 5034 ηομ-224.

883 5052 1079 5179 ..Ha-
