4214 5910
981 681 1065 780 CI.
1763 695 1825 820 67

279 875 421 959 veritus
440 888 559 954 antem
577 869 813 981 Gloeestrerfis
830 899 875 954 ne
887 893 985 954 noua
1004 872 1203 956 autoritate
1220 873 1563 986 adperturbmedum
1580 880 1833 994 rempublicam
1894 865 1897 868 ⁷

277 1015 456 1091 uteretur,
476 996 568 1077 hone
579 995 863 1106 protestationem
881 994 979 1103 regis
996 996 1350 1108 nominefierisecit.

337 1125 375 1204 ό.
405 1122 468 1200 De
484 1116 772 1231 episcopatibus
788 1114 948 1227 Angliae
966 1135 1006 1200 et
1021 1116 1162 1201 Scotiae
1182 1150 1225 1204 ex
1240 1122 1409 1232 Gervosto
1427 1116 1643 1237 Tilbirierfi,
1661 1143 1742 1237 cap.
1761 1157 1827 1238 39,

434 1306 442 1325 .
464 1273 529 1350 91.

337 1394 379 1478 7.
399 1261 585 1478 pEpistola
599 1364 751 1448 abbatis
761 1363 926 1448 AEilredi
941 1367 992 1449 ad
1004 1363 1195 1451 illustrem
1211 1373 1254 1451 N
1255 1395 1546 1453 ormannorum
1557 1371 1699 1453 ducem
1712 1374 1829 1454 Hen-

404 1487 535 1572 ricum
562 1487 626 1570 sed
653 1489 912 1598 postmodum
940 1490 1171 1598 Anglorum
1198 1519 1331 1601 regem
1359 1494 1407 1574 de
1435 1492 1570 1576 sanito
1598 1499 1828 1578 Scottorum

391 1627 496 1721 'rege
516 1609 667 1694 Davide
685 1629 724 1693 et
743 1614 792 1693 de
809 1610 968 1720 regibus
988 1611 1146 1721 Angliae
1163 1613 1288 1725 usque
1306 1617 1355 1697 ad
1372 1616 1648 1728 conquestum,
1670 1637 1713 1726 p.
1739 1646 1828 1730 117·

338 1734 376 1818 8.
405 1737 439 1818 F
440 1737 552 1817 oedus
575 1732 731 1816 factum
760 1732 865 1818 inter
885 1734 1111 1819 Henricum
1130 1740 1182 1819 ΙΙ.
1211 1737 1369 1846 Angliae
1392 1756 1433 1822 et
1458 1739 1709 1823 Ludovicum
1733 1743 1825 1822 VII.

406 1857 585 1942 Franciae
610 1885 757 1968 regem,
786 1888 830 1940 ex
853 1861 974 1941 veteri
991 1860 1084 1943 libro
1107 1864 1218 1971 Mag.
1238 1865 1352 1944 Price
1377 1864 1417 1945 in
1427 1865 1508 1977 fine
1530 1864 1685 1973 historia
1703 1864 1826 1961 Beda,

279 2050 282 2056 .
398 2000 442 2092 p.
469 2009 557 2091 132.

337 2136 377 2215 9.
406 2103 670 2188 Enumeratio
699 2104 865 2189 navium
897 2104 942 2189 in
969 2105 1116 2216 quibus
1149 2103 1377 2189 Gulielmus
1408 2104 1665 2219 Conquisstor
1694 2107 1826 2219 copias

405 2226 492 2309 suas
511 2225 797 2326 transfretavit,
817 2259 861 2310 ex
878 2229 970 2311 libro
973 2229 1199 2340 stepraditto,
1222 2246 1265 2338 p.
1291 2259 1378 2339 133·

343 2380 406 2435 10.
435 2352 561 2457 Qod
584 2349 740 2432 ecclefia
762 2353 811 2432 de
831 2350 1046 2460 Haveking
1070 2351 1213 2459 injuste
1234 2369 1276 2432 et
1299 2352 1427 2438 invito
1451 2352 1631 2462 legitimo
1655 2368 1828 2462 patrono

433 2475 527 2556 data
536 2474 590 2555 est
606 2473 803 2585 prioratui
815 2476 864 2558 de
875 2475 978 2558 Folk
992 2502 1063 2585 per
1076 2475 1328 2557 Willelmum
1340 2478 1389 2556 de
1404 2477 1666 2573 Averanches,
1675 2493 1717 2585 p.
1738 2503 1826 2584 135.

338 2609 365 2644 “
385 2589 424 2677 T
417 2597 473 2679 his
482 2597 659 2707 prussdent
686 2600 718 2677 is
735 2615 771 2678 to
788 2597 829 2677 be
842 2599 929 2708 sene
945 2599 987 2679 in
1003 2598 1062 2680 the
1079 2597 1191 2706 leiger
1207 2599 1262 2708 of·
1272 2600 1330 2681 the
1357 2600 1430 2681 late
1455 2598 1624 2709 diffolved
1639 2598 1827 2711 monorstery

281 2732 308 2766 “
327 2722 375 2832 of
384 2724 440 2801 St.
462 2720 673 2829 Radagund
690 2719 749 2800 the
767 2722 899 2829 virgin
917 2751 1002 2802 nere
1019 2725 1153 2804 Dover
1170 2690 1283 2802 under
1300 2723 1372 2803 this
1390 2724 1484 2818 title,
1512 2721 1830 2830 Compefitiosuper

281 2854 308 2913 t‘
328 2844 492 2940 decimas,
518 2843 638 2924 which
658 2845 772 2950 lieger
789 2842 889 2926 booke
910 2844 1108 2927 remaineth
1126 2844 1202 2927 und
1221 2845 1252 2925 is
1277 2864 1312 2927 to
1332 2845 1373 2927 de
1381 2846 1470 2955 sene
1491 2845 1584 2926 with
1607 2873 1662 2926 me
1681 2839 1829 2927 Thomas

281 2977 307 3013 “
327 2966 566 3079 Honywood.’'

586 3102 611 3139 ‘⁴
633 3096 711 3174 Per
729 3120 783 3173 me
799 3083 967 3173 Thomam
985 3091 1191 3202 Honywood
1197 3093 1353 3200 propria
1370 3094 1516 3172 manu.’'

341 3243 403 3297 11.
432 3216 582 3298 Charta
600 3212 754 3297 abbatis
769 3231 809 3295 et
826 3231 1047 3296 conventus
1068 3214 1116 3294 de
1131 3215 1241 3316 Bello
1259 3212 1341 3322 qud
1359 3215 1649 3321 affignaverunt
1667 3212 1830 3297 sacristae

280 3336 352 3419 suo
369 3338 418 3419 de
436 3340 547 3420 Bello
567 3342 644 3444 40⁸.
666 3335 878 3419 annuatim
896 3336 945 3419 de
962 3335 1092 3417 reditu
1111 3334 1279 3418 manerii
1296 3337 1345 3417 de
1361 3339 1442 3446 Wy
1460 3334 1500 3418 in
1520 3355 1760 3446 perpetuum
1779 3338 1830 3418 ad

277 3457 447 3543 faciend.
478 3460 641 3569 fingulis
672 3459 788 3543 annis
821 3458 1132 3542 anniversarium
1161 3462 1274 3566 Mag.
1300 3457 1496 3544 Willelmi
1525 3460 1574 3540 de
1603 3458 1829 3543 Bruneford

279 3584 486 3693 quondam
507 3582 642 3667 vican'i
658 3585 706 3665 de
725 3586 821 3692 Wy,
843 3585 936 3665 data
957 3584 980 3665 6
1001 3580 1102 3689 Julii
1128 3611 1243 3691 1299.

334 3712 539 3819 Sequuntur
556 3728 649 3791 nota
668 3706 829 3819 quadum
846 3705 888 3788 de
905 3707 991 3789 aliis
1009 3707 1050 3787 in
1068 3707 1179 3789 eodem
1196 3704 1290 3789 libro
1306 3708 1489 3803 contentis,
1508 3705 1592 3788 viz.

335 3842 363 3877 “
381 3837 447 3915 Ex
463 3831 575 3916 eodem
593 3831 684 3914 libro
706 3833 804 3913 inter
821 3850 944 3914 certos
962 3829 1004 3910 de
1020 3828 1165 3911 decimis
1184 3831 1312 3912 mentio
1325 3832 1379 3941 stt
1397 3829 1489 3940 quod
1503 3830 1625 3939 AEimi
1643 3844 1678 3912 et
1695 3829 1825 3911 AEthe-

279 3965 307 4004 “
325 3955 403 4038 lida
418 3957 590 4040 dederunt
605 3955 776 4038 decimam
788 3955 898 4064 strom
915 3959 957 4036 de
975 3953 1169 4036 Bromham
1186 3983 1266 4036 cnm
1275 3953 1360 4062 filio
1370 3951 1439 4063 suo
1457 3953 1659 4050 Baetim,
1686 3953 1751 4063 qui
1769 3952 1825 4062 ‘f‘

280 4089 307 4125 “
313 4080 440 4186 fedus
456 4081 502 4190 est
520 4079 719 4176 monachus,
738 4078 865 4189 absque
879 4077 977 4160 omni
993 4077 1175 4159 columnia
1192 4076 1233 4158 in
1243 4095 1455 4187 perpetuum
1472 4076 1694 4157 tenendam.'’

290 4268 296 4278 .
337 4206 490 4284 “Inter
515 4222 637 4284 cartas
664 4203 706 4285 de
733 4201 972 4310 Haukeherste
998 4200 1149 4282 habetur
1175 4218 1282 4280 carta
1310 4199 1460 4280 Roberti
1474 4199 1560 4306 filii
1586 4197 1760 4280 Willelmi
1785 4197 1827 4277 de

279 4333 307 4371 “
328 4325 516 4436 Hastings‚
545 4327 610 4437 qni
625 4325 722 4408 dedit
748 4324 893 4434 eccltyiae
917 4327 957 4407 S.
977 4324 1148 4405 Martini
1170 4321 1212 4404 de
1235 4323 1334 4404 Bello
1356 4339 1393 4402 et
1419 4320 1594 4403 monachis
1620 4318 1750 4401 ibidem
1777 4319 1830 4400 ad

279 4457 307 4495 “
325 4447 443 4559 mifflrs
459 4448 683 4532 celebrandas
699 4464 809 4529 totam
827 4446 999 4530 decimam
1018 4446 1103 4529 vini
1120 4445 1161 4529 de
1179 4446 1370 4555 vineasteo
1389 4443 1430 4525 de
1447 4443 1692 4553 Celinghom.'’

335 4582 362 4619 “
384 4576 488 4655 Inter
504 4591 627 4655 cartas
643 4571 874 4682 episcoporum
894 4572 1028 4684 Moyses
1049 4569 1187 4682 quidem
1199 4570 1307 4680 prior
1325 4569 1530 4650 Coventriae
1550 4567 1768 4662 roominatur,
1789 4585 1825 4648 et

276 4704 306 4741 “
326 4694 457 4778 ibidem
483 4697 634 4778 habetur
655 4695 875 4805 eomirmatio
892 4695 1060 4778 Iohannis
1077 4695 1341 4802 Cantuarierfis
1361 4693 1613 4804 archiepiscopi
1633 4693 1673 4773 de
1691 4689 1826 4797 ecclefiu

279 4827 307 4865 “
327 4819 369 4902 de
382 4823 449 4930 Wy
460 4848 538 4902 cum
552 4818 697 4902 decimis
710 4835 745 4900 et
752 4821 910 4930 peefioeu
926 4821 1077 4930 quinque
1079 4819 1275 4928 solidorum
1291 4816 1336 4899 ab
1351 4817 1485 4925 eeclefio
1499 4814 1540 4896 de
1554 4811 1826 4919 Haukeherste.'.-’

335 4953 362 4987 “
386 4948 497 5024 Hunc
520 4942 654 5024 librum
672 4943 905 5026 mutuandum
923 4941 1021 5026 dedit
1036 4962 1107 5053 pro
1125 4959 1277 5054 tempore
1301 4939 1446 5057 qnidam
1465 4939 1625 5050 minister
1644 4969 1687 5020 ex
1697 4935 1829 5052 saedlo

278 5074 305 5113 “
325 5067 424 5176 regio
443 5085 588 5151 vocotus
606 5066 795 5176 Hattoft.''

988 5191 1052 5272 12
1615 5209 1675 5266 12.
1704 5181 1830 5290 Qod
