4244 5910
896 656 1025 750 cxr.
1088 582 1093 591 ¹
1666 688 1765 782 ης

281 862 349 947 2²·
380 831 649 919 Confirmatio
667 833 897 917 donationis
924 835 1090 918 ecclefiae
1119 835 1167 916 de
1186 834 1434 918 Dunessorra
1463 835 1668 920 monachis
1688 840 1765 918 Ba-

379 953 638 1039 thonenstbus
657 955 699 1037 in
720 956 884 1037 liberam
905 956 1159 1037 elemosmam
1178 983 1248 1064 per
1267 959 1453 1051 eundem,
1476 972 1516 1061 p.
1539 984 1626 1038 122.

284 1100 352 1183 73.
380 1071 626 1156 Testificatio
653 1073 833 1154 'Roberti
871 1072 1043 1182 episcopi
1081 1073 1342 1155 Bathonensrs
1381 1076 1429 1155 de
1466 1098 1490 1155 L
1522 1072 1766 1157 salmonibus

381 1190 592 1273 annuatim
632 1191 840 1273 reddendis
876 1192 1083 1273 monachis
1118 1192 1266 1274 ibidem
1302 1221 1372 1303 per
1406 1194 1567 1276 heredes
1602 1191 1769 1275 Atselmi

382 1308 529 1390 Hosati
544 1334 619 1418 pro
638 1328 741 1392 terra
760 1315 808 1392 de
828 1313 1128 1407 eeortecumba,
1158 1312 1249 1394 ibid.

285 1458 354 1541 24.
383 1433 508 1510 Carta
531 1429 688 1511 comitis
713 1430 941 1513 Glocestriae
970 1433 1017 1511 de
1046 1431 1273 1515 venditione
1301 1432 1470 1515 manerii
1498 1434 1547 1512 de
1571 1425 1770 1513 Cameleia

383 1548 592 1630 monachis
627 1550 943 1631 Bathonensrbus
978 1579 1047 1659 per
1079 1554 1352 1633 Alexandrum
1387 1554 1434 1632 de
1464 1553 1574 1633 Alno
1607 1568 1648 1631 et
1680 1549 1768 1630 suos

382 1667 540 1766 fratres,
568 1687 606 1750 et
627 1673 844 1753 Beatricem
865 1699 1004 1751 eorum
1035 1690 1202 1753 matrem
1223 1700 1297 1782 pro
1315 1675 1426 1752 LXX
1448 1673 1589 1754 marcis
1608 1668 1696 1752 auri
1714 1667 1769 1749 eis

384 1787 537 1887 solutis,
560 1806 598 1869 et
619 1790 858 1899 quibusdam
880 1790 1042 1872 servitiis
1061 1812 1099 1871 et
1119 1792 1304 1901 pensione
1326 1819 1462 1873 annua
1484 1815 1522 1873 11
1546 1816 1783 1874 marcarum·

384 1909 597 2005 reservatis,
619 1929 661 2018 p.
682 1940 726 1990 12
734 1938 770 2014 3.

285 2054 358 2138 ῖς.
387 2026 654 2108 Confirmatio
680 2029 853 2134 ejusdem
877 2027 1118 2112 venditionis
1148 2058 1215 2140 per
1241 2029 1478 2143 Henricnm
1494 2030 1638 2111 ducem
1663 2031 1773 2111 Nor-

389 2148 575 2245 manniae‚
598 2169 640 2257 p.
664 2176 752 2253 124.

291 2272 359 2381 26.
389 2268 481 2349 Alia
506 2269 761 2351 confirmatio
787 2268 960 2376 ejusdem
986 2269 1228 2355 venditionis
1256 2298 1326 2384 per
1352 2267 1789 2353 eundem-Henricum.

388 2415 522 2496 regem
541 2392 785 2497 Anglorum,
807 2407 849 2497 p.
873 2415 961 2498 125.

156 2514 163 2521 ’
293 2537 361 2622 77.
390 2510 618 2591 Conventio
646 2510 750 2592 inter·
774 2532 1021 2594 conventum
1050 2511 1258 2594 Bathoniae
1283 2530 1322 2593 et
1344 2510 1592 2596 Richardum
1622 2511 1670 2593 de
1691 2513 1780 2592 Ha-

390 2657 489 2710 num
511 2629 559 2709 de
581 2656 661 2709 una
681 2631 831 2738 virgata
851 2649 964 2711 terrae
983 2634 1032 2712 de
1052 2633 1191 2728 Beche,
1217 2650 1254 2740 p.
1279 2633 1368 2713 126.
1728 2704 1731 2710 ,

296 2751 360 2862 78.
389 2748 567 2859 Epistola
592 2750 786 2831 Rodberti
806 2749 978 2860 episcopi
997 2755 1127 2832 Exon.
1148 2754 1198 2833 ad
1217 2771 1461 2832 oonventum
1489 2745 1781 2831 Bathonensem

390 2885 438 2949 ut
457 2867 744 2951 confirmarent
758 2871 939 2952 Waltero
959 2869 1100 2952 clerico
1117 2869 1380 2953 dimissronem
1401 2869 1566 2951 ecclesiae
1588 2871 1636 2949 de
1651 2870 1781 2948 Baan-

393 3010 505 3087 tona,
535 2991 627 3073 ibid

299 3137 365 3220 79.
394 3109 576 3193 Donatio
595 3110 798 3219 cujusdam
821 3129 936 3193 terrae
952 3108 1306 3192 lerodoabbati
1334 3137 1405 3219 per
1426 3105 1692 3191 Eadwardum
1723 3130 1786 3185 re·

397 3262 487 3343 gem
508 3242 558 3315 A.
576 3239 628 3316 D.
655 3238 772 3333 1061,
795 3255 836 3343 p.
858 3261 946 3342 127.

520 3357 545 3407 *
605 3358 630 3405 *⁵
676 3359 881 3467 stqurnrtur
900 3355 1049 3461 diverfis
1068 3353 1233 3434 manibus
1246 3352 1364 3460 script
1419 3353 1445 3404 *
1505 3351 1540 3402 *·

305 3476 369 3557 80.
399 3477 814 3558 Terraessathorrensrs
835 3475 999 3557 abbatia
1020 3478 1140 3555 A..D.
1168 3475 1285 3577 1165,
1308 3491 1350 3580 p.
1373 3471 1461 3552 128.

305 3598 372 3681 81.
402 3598 517 3677 Bulla
536 3599 583 3676 de
607 3597 913 3680 confirmatione
931 3597 1179 3707 episcopatus
1201 3592 1460 3674 Bathonensrs
1480 3617 1550 3700 per
1566 3588 1790 3671 Adrianum

430 3744 559 3811 aam,
617 3746 736 3797 .10.

306 3836 371 3919 82.
399 3735 639 3945 ideiogniiio
658 3746 756 3943 jinis
778 3833 972 3917 Wilselmi
995 3833 1127 3916 fratris
1159 3835 1208 3915 ad
1231 3859 1370 3915 unam.
1387 3830 1523 3914 hidam
1546 3846 1655 3912 terrae
1684 3826 1791 3938 apud

403 3956 570 4037 W'eston
591 3984 660 4065 per
682 3974 925 4037 conventum
948 3954 1251 4048 Bathonensem,
1282 3952 1373 4033 ibid.

310 4075 373 4185 83.
404 4075 630 4157 Conventio
647 4074 752 4155 sacia
772 4073 875 4153 inter
890 4090 1134 4154 conventum
1152 4070 1442 4152 Bathonensem
1459 4087 1496 4149 et
1515 4067 1644 4147 Eliam
1656 4063 1793 4144 Cotell

402 4197 451 4275 de
483 4194 642 4302 pastura
673 4221 725 4274 ex·
752 4191 988 4273 occidentali
1020 4208 1130 4299 parte
1163 4192 1211 4270 de
1244 4189 1507 4268 Southewode
1530 4192 1580 4265 A.
1599 4189 1649 4266 D.
1676 4179 1793 4287 1258,

413 4342 533 4421 ,13rz

313 4334 587 4544 84.pNomina
607 4436 882 4547 episcoporum
905 4429 1231 4514 Bathonenfium.

616 4563 642 4613 *¹
699 4562 724 4610 ¹¹·
769 4560 865 4665 juris
884 4557 1032 4665 registri
1050 4553 1277 4636 Bathonenrs
1333 4551 1356 4603 '⁸
1414 4550 1439 4600 ³¹*

408 4684 597 4792 Posterior-
605 4701 693 4794 pars
713 4681 817 4788 hujus
836 4680 968 4760 codicis
985 4681 1025 4759 in
1044 4677 1158 4757 cartis
1171 4674 1333 4782 scripta,
1360 4671 1514 4750 continet
1527 4668 1693 4777 plurima
1712 4683 1796 4773 opo·

406 4806 553 4914 grapho
572 4822 735 4884 veterum
754 4822 957 4895 cartorum,
978 4818 1013 4880 et
1031 4799 1110 4877 alia
1130 4794 1292 4903 quadam
1310 4792 1372 4872 hoc
1391 4792 1525 4872 ordine.

319 4926 382 5039 853.
412 4925 588 5043 Epistola
612 4923 788 5010 Galfridi
811 4915 1286 5028 ecclesraeWigorniensts
1314 4910 1583 4998 archidiaconi
1612 4907 1799 5111 (Hemiii
