4214 5910
896 657 1159 756 CCCCIV.
1212 760 1214 767 ,
1728 661 1821 783 381

295 876 380 962 .:.3
409 845 572 952 Qibus
589 846 673 933 dier
693 844 831 957 iudicii
849 845 1126 931 manifestatur
1145 862 1184 930 et
1203 871 1274 957 per
1292 870 1429 956 quem,
1444 845 1573 957 5817.

339 999 380 1077 4.
408 971 471 1052 De
488 968 699 1054 duratione
719 964 873 1054 mundi
881 970 1101 1056 secundum
1118 967 1350 1064 Eusebium,
1378 967 1470 1052 ibid.
1564 984 1567 989 ’

298 1119 376 1202 5.
405 1090 630 1203 Prophetiae
660 1096 706 1176 B.
718 1090 971 1202 Hildegardis
1000 1090 1166 1201 virginis
1195 1119 1244 1173 ex
1275 1091 1378 1174 libro
1408 1089 1480 1202 qui
1507 1088 1655 1175 dicitur
1674 1046 1827 1181 Penta-

404 1235 559 1295 cronon
579 1215 655 1298 sive
674 1213 878 1326 speculum
897 1233 1126 1327 temporum
1146 1213 1394 1311 futurorum,
1409 1215 1538 1324 sulp.
1683 1226 1688 1233 '

335 1337 373 1418 6.
403 1335 608 1420 Revelatio
631 1335 823 1421 mirabilis
843 1338 961 1451 super
986 1338 1092 1421 statu
1117 1335 1243 1419 totius
1262 1337 1428 1420 ecclefiae
1448 1355 1487 1418 et
1507 1335 1691 1447 precipue
1709 1335 1826 1448 super

265 1558 270 1567 ὲ
322 1497 325 1503 ·
406 1455 468 1543 hie
489 1472 586 1568 quae'
600 1459 838 1570 contingent
855 1461 899 1544 in
918 1459 1056 1544 diebus
1076 1460 1370 1572 predicatorum
1388 1477 1431 1541 et
1447 1456 1666 1543 minorum.

336 1607 376 1689 7.
406 1578 584 1664 Ioachim
602 1584 722 1664 abbas
740 1586 789 1666 de
807 1582 1019 1667 seminibus
1038 1581 1258 1680 literarum,
1274 1583 1348 1691 sol.
1364 1609 1433 1688 44.

336 1703 374 1782 8.
405 1705 467 1783 De
486 1703 754 1787 Anti-christo
774 1722 813 1787 et
831 1704 911 1789 fine
931 1706 1088 1803 mundi,
1104 1707 1179 1816 fol.
1194 1709 1259 1812 65.

336 1855 374 1931 9.
407 1826 629 1908 Oraculum
662 1827 711 1909 de
744 1829 845 1912 coelo
879 1827 1037 1910 missum
1067 1827 1209 1909 Cirillo
1239 1825 1390 1908 montis
1421 1823 1595 1908 Carmeli
1625 1823 1826 1908 heremitae

404 1944 558 2030 millam
579 1948 793 2032 celebranti
815 1952 852 2031 8
865 1951 1022 2033 kalend.
1034 1950 1130 2033 Feb
1144 1957 1195 2031 A.
1209 1952 1262 2030 D.
1282 1976 1328 2031 12
1334 1977 1401 2057 54
1421 1974 1515 2031 cum
1535 1947 1826 2031 commentario

404 2069 597 2153 Ioachimi
617 2070 868 2168 abbatius
801 2073 958 2182 58168.

339 2219 400 2272 10.
431 2191 657 2302 Prophetiae
676 2191 870 2277 Ioachimi
898 2138 1051 2277 abbatis
1079 2195 1127 2276 de
1153 2192 1281 2306 papis,
1310 2222 1389 2277 cum
1403 2193 1545 2303 figuris
1567 2174 1746 2302 eleganter
1764 2192 1825 2321 de-

432 2311 590 2413 linearis,
605 2317 681 2425 sol.
655 2315 760 2398 818.

265 2559 267 2564 ‚
339 2461 398 2516 11.
429 2422 652 2548 Prophetiae
670 2438 719 2518 de
737 2436 893 2546 regibus
912 2436 1085 2548 Angliae,
1106 2465 1201 2522 cum
1221 2436 1307 2521 aliis
1327 2436 1497 2546 ejusdem
1519 2435 1683 2520 sarinae.
1753 2524 1755 2529 ,
1865 2506 1870 2522 .

906 2647 1202 2773 CCCCV.

334 2805 447 2890 Codex
474 2808 757 2893 membranaceus
790 2813 832 2892 in
862 2810 926 2916 4¹⁶,
960 2842 986 2894 a
1014 2812 1160 2922 diverſss
1180 2811 1422 2925 scriptoribus
1452 2812 1553 2894 circo
1568 2812 1730 2924 seculum
1747 2813 1828 2894 xiv

277 2948 480 3041 exaratum,
499 2934 540 3013 in
559 2961 624 3042 quo
643 2935 881 3030 continentur,

339 3080 372 3132 1.
402 3052 519 3135 Bulla
538 3055 755 3138 Alexandri
772 3084 886 3168 papae
906 3057 1124 3161 concedens
1143 3055 1334 3140 fratribus
1353 3055 1557 3167 hospitalis
1577 3054 1826 3138 Hierusalem
1953 3046 1965 3058 '

404 3174 448 3255 in
460 3174 657 3263 Hibernia
670 3195 717 3261 ut
732 3178 807 3263 smt
821 3179 1021 3262 immunes
1036 3179 1086 3261 ab
1098 3178 1211 3261 omni
1223 3177 1720 3285 ordinariajurisdittione,
1732 3199 1823 3290 p.3·.
1969 3231 1979 3237 --

335 3324 372 3378 2.
401 3297 517 3380 Bulla
535 3296 705 3404 ejusdem
727 3327 840 3413 papae
869 3320 917 3385 ut
944 3330 1030 3385 non
1049 3318 1263 3384 teneantur
1279 3300 1377 3384 dieti
1394 3300 1535 3383 fratres
1556 3300 1699 3383 solvere
1728 3330 1823 3412 pr02

302 3420 304 3425 ’
402 3419 642 3519 curationes,
664 3442 707 3533 p.
723 3452 761 3532 3.

336 3569 373 3648 3.
403 3543 519 3623 bulla
538 3544 708 3650 ejusdem
738 3573 851 3656 papae
877 3563 925 3628 ut
953 3547 1066 3628 nulla
1083 3545 1275 3629 sententia
1299 3544 1724 3630 excommunicationis
1744 3545 1824 3627 sus-

401 3661 599 3776 pensionis
615 3683 686 3748 aut
699 3665 899 3777 interdisti
914 3668 1217 3778 promulgetur
1206 3697 1251 3751 tn
1264 3668 1392 3751 didlos
1408 3668 1547 3750 fratres
1563 3686 1633 3748 aut
1648 3667 1822 3765 clericos,

403 3787 577 3871 ecclesias
605 3790 667 3871 vel
687 3790 861 3886 oratoria
884 3817 1024 3873 eorum
1044 3790 1125 3929 stne
1145 3790 1300 3903 speciali
1328 3792 1520 3873 mandato
1538 3787 1634 3872 sedis
1662 3791 1822 3902 aposto·
1972 3869 1975 3876 .

286 4059 375 4133 ·.4
326 3907 718 4142 iiiiveprlgis
682 4033 906 4117 vicecomiti
925 4034 1157 4117 Watersord
1183 3977 1380 4119 directum
1410 4053 1457 4118 ut
1483 4033 1724 4147 supersedeat
1751 4037 1820 4117 de-

395 4157 554 4239 mandae
568 4184 689 4268 quam
707 4154 802 4238 fecit
819 4156 944 4268 priori
960 4175 999 4238 et
1013 4155 1204 4240 fratribus
1218 4156 1422 4268 hospitalis
1442 4163 1481 4239 S.
1488 4155 1650 4239 Ioannis
1667 4156 1819 4239 Hieru-
1822 4221 1826 4228 .

394 4272 542 4357 salem
532 4306 574 4360 m
594 4277 791 4361 Hibernia
809 4277 870 4361 vel
892 4277 1034 4362 Ioanni
1050 4279 1207 4361 Gilbert
1224 4279 1379 4361 tenenti
1397 4304 1551 4374 eorum,
1573 4298 1616 4389 p.
1632 4305 1670 4386 5.

330 4425 366 4505 5.
396 4399 512 4480 Eulla
532 4399 722 4482 Iohannis
742 4427 856 4512 papae
874 4401 923 4482 de
942 4398 1198 4484 transsatione
1219 4402 1421 4484 bonorum
1445 4399 1747 4511 templariorum
1768 4402 1818 4483 ad

265 4552 285 4572 -·
395 4518 577 4604 ordinem
596 4520 768 4604 fratrum
792 4527 829 4606 8.
844 4523 1008 4619 loannis
1023 4525 1086 4605 de
1092 4523 1354 4633 Hierusalem,
1375 4544 1418 4635 p.
1433 4526 1471 4605 ό.

302 4720 306 4730 ,
328 4644 367 4720 ὁ.
397 4644 455 4724 La
474 4642 681 4756 prophetie
704 4645 789 4754 [de]
811 4645 976 4744 Merlin,
999 4665 1041 4757 p.
1057 4647 1093 4729 8.

1620 4795 1658 4877 7.
1688 4767 1816 4851 Table

325 5055 374 5141 5.]
391 5056 459 5125 rer.
474 5055 760 5127 cccxxxvnr.
778 5082 826 5129 u.

321 5154 508 5246 CCCCV]
523 5162 587 5235 Vct.
604 5164 670 5233 Car.
686 5163 733 5234 G.
748 5187 781 5252 4.
799 5165 897 5237 MSS.
913 5167 1000 5251 Ange.
1022 5183 1193 5254 1347upo.
1250 5270 1253 5275 ι
