4214 5910
832 666 1036 769 Lxxx.
1666 607 1729 800 37
1828 686 1831 694 ·

180 857 285 970 scene
302 855 381 939 and
390 852 598 968 persinoges
614 853 662 967 of
674 851 734 935 the
749 869 851 964 poem
868 855 1015 965 change,
1040 854 1118 938 and
1130 853 1218 966 king
1236 855 1402 940 Enalaek
1420 859 1508 968 king
1526 857 1732 958 Mordrens,
1866 886 1869 891 ⁴

177 983 320 1091 stre
257 982 320 1061 N
306 978 437 1091 serens
466 979 550 1089 J
501 976 550 1087 s
542 975 596 1086 ph
613 977 661 1085 of
667 977 886 1059 Aromathea
906 980 984 1060 and
996 979 1056 1060 the
1071 977 1169 1060 other
1194 979 1308 1060 heroes
1324 977 1373 1088 of
1387 981 1447 1062 the
1459 981 1607 1091 former
1625 998 1748 1091 part,¹

188 1102 281 1210 give
296 1100 400 1211 place
419 1118 455 1181 to
478 1101 568 1208 king
583 1098 745 1195 Arthur‚
773 1100 862 1208 king
878 1104 1079 1208 Brangors,
1107 1102 1195 1209 king
1213 1102 1312 1184 Loth
1337 1101 1415 1184 aud
1431 1102 1531 1258 other
1554 1102 1736 1186 monarche
1879 1197 1880 1201 Ἰ

192 1221 270 1306 aud
281 1221 481 1331 champions
495 1211 610 1330 osthe
627 1220 772 1330 British
787 1221 874 1303 line.

250 1336 303 1427 To
317 1342 466 1425 another
472 1338 618 1452 peffege
640 1342 881 1453 verystmilar
896 1360 933 1423 to
949 1343 1009 1424 the
1017 1341 1151 1452 second
1168 1343 1251 1427 here
1273 1344 1435 1457 quoted
1417 1375 1451 1428 es
1473 1347 1533 1429 the
1540 1344 1736 1456 following

193 1465 382 1573 marginal
402 1479 481 1544 note
506 1463 658 1543 written
684 1465 725 1544 in
751 1465 810 1545 the
823 1466 928 1575 same
950 1463 1049 1546 hand
1074 1494 1115 1548 as
1140 1465 1199 1546 the
1224 1486 1313 1549 text
1371 1471 1544 1580 “Hemy
1567 1466 1737 1553 Lonelieh

195 1589 416 1697 “Skynner,
440 1582 522 1666 thot
543 1581 743 1691 transsated
763 1584 835 1665 this
860 1585 943 1668 boke
958 1604 1037 1669 oute
1054 1588 1102 1696 of
1118 1588 1284 1699 Frensshe
1304 1591 1381 1672 into
1399 1590 1589 1701 Englysshe
1611 1606 1654 1674 at
1678 1588 1736 1672 the

193 1716 223 1804 ·“
240 1708 418 1817 iessaunce
436 1703 621 1817 ofHarry
638 1707 819 1789 Baeton.’'

810 1889 1114 2011 LXXXL

251 2055 366 2139 Codex
383 2056 590 2138 chartaceus
608 2056 763 2168 infolio,
781 2056 822 2137 in
842 2083 908 2167 quo
924 2057 1162 2154 continentur,

250 2175 421 2260 Homeri
439 2175 531 2259 Ilias
549 2190 589 2257 et
608 2177 774 2289 Odyffea
792 2204 887 2260 cum
907 2174 1218 2289 Paralipomenis
1237 2176 1385 2293 Qinti
1403 2181 1575 2267 Calabri.

251 2300 397 2381 Prima
413 2300 566 2407 pagina
584 2299 796 2412 irffcribitur
811 2301 929 2383 literis
953 2301 1138 2383 deauratis
1161 2332 1281 2385 nomen
1300 2294 1483 2401 Theodori,
1503 2305 1651 2415 hincque
1670 2302 1737 2385 illa

195 2422 361 2504 Parkeri
380 2421 599 2529 aliorumque
617 2423 732 2532 opinio
750 2421 792 2504 de
809 2423 913 2531 hujus
929 2422 1057 2504 codicis
1074 2425 1318 2534 antiquitate;
1346 2432 1408 2537 qui
1425 2426 1508 2508 olim
1524 2426 1577 2509 ad
1588 2429 1738 2539 Augus·

195 2545 289 2627 tinus
318 2540 589 2653 Cautuorienses
611 2541 842 2654 pertinebat.-
878 2546 970 2627 hanc
997 2573 1083 2625 vero
1115 2544 1377 2655 ademptionem
1408 2576 1477 2628 non
1504 2547 1547 2629 de
1566 2541 1737 2629 Theodoro

196 2663 520 2778 Cantuarienststd
532 2661 574 2744 de
591 2665 662 2746 alio
681 2666 805 2775 quovis
821 2664 966 2777 ejusdem
982 2666 1144 2763 nominis,
1165 2669 1229 2778 qui
1244 2667 1343 2748 haud
1355 2668 1453 2776 longo
1470 2687 1554 2751 ante
1569 2669 1665 2751 artis
1680 2685 1737 2780 ty·

190 2786 422 2900 pographica
453 2786 690 2868 inventionem
710 2789 858 2900 floruit,
892 2788 1158 2898 intelligendam
1191 2789 1265 2901 effi,
1302 2788 1422 2876 docmt
1450 2790 1671 2875 chorakkeres
1703 2804 1738 2870 et

197 2908 307 2992 omnis
325 2925 471 2991 ornatus
490 2923 526 2988 et
542 2906 684 2990 habitus
700 2909 841 2993 cod'cis.

798 3085 1132 3235 Lxxxn.

251 3278 368 3363 Codex
383 3279 665 3363 membranaceus
682 3280 723 3363 in
729 3281 839 3392 solio,
846 3281 966 3392 seculo
983 3311 1037 3364 xv
1042 3283 1217 3394 scriptus,
1238 3283 1279 3364 in
1296 3312 1362 3394 quo
1378 3285 1616 3383 continentur,
1679 3389 1686 3400 ἱ

253 3401 451 3485 Homeliae
470 3399 515 3485 in
534 3399 767 3486 Dominicas
786 3415 826 3486 'et
846 3401 1032 3514 festaper
1050 3421 1185 3488 totum
1204 3430 1372 3488 annum.

785 3613 1150 3731 LXXXHI

254 3774 370 3859 Codex
392 3776 713 3862 membranaceus
695 3810 737 3863 on
746 3779 856 3890 folio,
882 3781 1067 3863 curatiore
1083 3778 1231 3862 Gothico
1247 3776 1504 3887 nitidifflmo
1467 3805 1569 3862 coroa
1578 3775 1738 3942 seculum

198 3897 269 3987 xiv
275 3898 487 4010 scriptus,'
470 3930 510 3982 m
529 3931 594 4011 quo
610 3903 824 3999 continetur,
954 3962 956 3966 ι

255 4020 362 4104 Petri
384 4021 450 4130 [de
470 4021 593 4131 Riga]
615 4022 798 4107 canonici
821 4023 928 4108 beati
947 4020 1128 4135 Dyonisri
1150 4020 1350 4106 Remenfis
1375 4021 1474 4106 liber
1496 4020 1567 4135 qui
1593 4020 1739 4105 intitu-

200 4143 306 4225 latur
325 4143 525 4240 Aurora,
516 4173 559 4226 1n
577 4172 660 4253 quo
676 4146 779 4229 libro
797 4145 979 4228 historice
1003 4143 1207 4255 allegorice
1226 4163 1266 4228 et
1284 4143 1526 4257 tropologice
1552 4144 1600 4224 de'
1615 4141 1738 4226 veteri

143 4305 148 4313 ·
200 4278 240 4346 et
256 4290 364 4350 novo
380 4263 616 4349 testamento
635 4266 796 4350 metrice
814 4265 972 4350 trallat.
1023 4313 1027 4323 .

1691 4389 1738 4467 In

255 4680 434 4767 LXXXL]
449 4683 513 4754 Vet.
528 4685 596 4751 Cat.
610 4687 653 4752 Α.
671 4703 700 4751 1.
715 4681 812 4754 MSS.
828 4682 915 4767 Angl.
932 4704 1082 4774 1277··1.

251 4787 448 4873 LXXXII.]
465 4790 528 4861 Vn.
543 4776 613 4858 Cat.¹
625 4790 671 4860 Ο.
689 4810 717 4855 ι.
733 4788 829 4856 MSS.
847 4792 934 4875 Angl.
953 4793 1155 4883 ¹47⁶··209·

256 4893 468 4981 LXXXIII.]
484 4899 547 4969 Vct.
563 4902 620 4967 Cat
633 4897 671 4965 E.
691 4919 720 4965 1.
735 4896 832 4964 Mos,
847 4899 932 4982 Angl.
951 4920 1132 4990 1319-43.

256 4998 466 5091 Lxxxlnu
482 5004 553 5078 eoa
563 5004 734 5077 CCXVII.
753 5005 1049 5096 ¹3·CCCXCV11·
1065 5030 1097 5099 3.

948 5116 993 5198 H
