4214 5910
277 623 385 739 268

311 5110 329 5127 1.
393 5116 395 5120 λ
555 5012 583 5100 ξ’
604 4999 921 5114 condempnatis.

985 621 1135 737 CXC.

384 801 602 886 ⁸⁸XXXII
621 807 684 886 De
704 798 948 914 negligentia
966 802 1062 886 novi
1083 830 1128 887 ac
1147 798 1380 896 sanctificati
1399 802 1528 915 panis,
1554 802 1631 928 sive
1651 804 1700 889 de
1717 805 1803 894 aliis

624 924 873 1007 “creaturis

384 1053 412 1092 ⁸⁸
430 1042 617 1126 XXXIII.
637 1045 701 1125 De
719 1042 1043 1128 reconciliatione
1059 1040 1344 1159 penitentium.

385 1176 412 1212 ”
424 1163 616 1246 XXXIV.
636 1167 699 1247 De
718 1163 1006 1252 communione
1025 1162 1239 1273 judeorum
1259 1167 1322 1250 vel
1337 1162 1567 1304 gentilium.

386 1294 414 1331 ⁸⁸
428 1282 597 1367 XXXV.
618 1286 681 1366 De
700 1284 920 1425 presbiteris
939 1312 1012 1396 qur
998 1285 1299 1370 morientibus
1317 1285 1582 1398 penitentiam
1605 1290 1805 1404 denegant

620 1413 705 1485 ⁸⁸et
724 1432 795 1515 qm
783 1403 997 1489 infirmos
1016 1432 1102 1488 non
1121 1404 1384 1516 baptizant.

385 1531 412 1567 ⁸⁸
431 1518 705 1603 XXXVI.u
636 1525 760 1632 Qod
779 1523 912 1608 Graeci
930 1523 1094 1634 singulis
1113 1522 1326 1608 dominicis
1345 1521 1663 1611 communicent.

384 1650 412 1686 ⁸⁸
430 1625 635 1742 XXXVII.
655 1644 718 1725 De
736 1643 1120 1728 commemoratione
1138 1643 1426 1728 defundtorum
1445 1645 1508 1727 vel
1528 1628 1709 1730 demissa
1727 1676 1802 1760 pro

660 1761 777 1861 “eis,
809 1781 850 1847 et
878 1790 951 1847 cur
977 1785 1055 1848 111.
1075 1785 1150 1847 vn
1182 1763 1244 1846 vel
1273 1784 1372 1847 xxx
1403 1760 1693 1850 anniversarius
1720 1767 1801 1854 dies

662 1884 942 1968 ‘celebretur
1650 1929 1654 1935 ·

383 2008 411 2047 ⁸⁸
431 1998 665 2083 XXXVIII.
683 2003 748 2084 De
766 2001 849 2086 ritu
866 2000 1116 2087 mulierum
1103 2031 1147 2088 ιιι
1167 2000 1336 2089 ecclefia
1463 2079 1465 2086 .

381 2127 407 2166 ⁸⁸
427 2118 621 2244 XXXIX.
641 2123 705 2204 De
718 2122 905 2207 ecclesia
893 2150 938 2206 m
955 2149 1037 2234 qua
1051 2140 1309 2210 mortuorum
1325 2122 1513 2208 cadavera
1531 2121 1713 2211 fidelium
1728 2125 1802 2214 live

646 2238 918 2325 “infidelium
937 2240 1195 2353 sepeliuntur.

383 2366 412 2406 ‘⁸
430 2358 520 2442 XL
539 2360 603 2441 De
625 2357 802 2470 reliquiis
827 2361 1057 2446 sanctorum
1084 2363 1147 2445 vel
1171 2358 1254 2448 ritu
1275 2355 1523 2489 sacerdotum
1542 2378 1584 2489 et
1610 2360 1801 2487 diacono·

540 2488 678 2562 ”ιιιιιι
698 2480 1004 2597 laicorumque
992 2511 1037 2567 m
1055 2482 1290 2566 ecclelia‘
1642 2583 1644 2588 y

383 2607 410 2644 ⁸⁸
429 2598 538 2680 XLI.
558 2599 682 2706 Qod
701 2600 804 2683 nulli
823 2599 871 2684 fit
890 2600 1036 2685 ultima
1053 2598 1276 2713 penitentia
1294 2558 1542 2735 deneganda.

382 2726 409 2764 ⁸⁸
428 2717 561 2799 XLII.
570 2719 643 2798 De
661 2715 723 2800 his
743 2746 814 2856 qur
801 2718 1099 2805 morientibus
1119 2717 1386 2832 penitentiam
1404 2721 1621 2832 denegant.

381 2848 407 2885 ⁸⁸
426 2837 576 2921 XLIII.
595 2839 660 2922 De
678 2840 994 2950 penitentiarum
1012 2838 1249 2926 diverfitate.

383 2967 411 3006 ⁸⁸
430 2959 579 3041 XLIV.
599 2962 662 3042 De
681 2960 1017 3047 reconciliatione.

381 3090 409 3128 ⁸⁸
424 3081 556 3180 XLV.
576 3082 640 3162 De
659 3080 809 3166 clericis
830 3081 905 3166 five
924 3083 973 3166 de
991 3078 1255 3167 eccleliasticis
1273 3078 1496 3166 ordinibus.

380 3210 408 3247 ⁸⁸
427 3199 575 3282 XLVI.
596 3201 660 3282 De
678 3199 899 3285 diversitate
917 3201 1123 3287 ordinum.

381 3327 408 3366 ‘⁸
427 3320 678 3403 va11.1)·e
697 3319 892 3404 electione
909 3318 1215 3406 sacerdotalium
1236 3315 1443 3405 ordinum.

380 3449 408 3485 ⁸⁸
426 3440 616 3522 XLVIII.
636 3441 739 3522 Item
758 3441 808 3523 de
827 3438 1033 3526 electione.

383 3570 409 3604 ⁸⁸
429 3559 579 3640 XLIX.
599 3559 703 3640 Item
722 3586 855 3643 canon
873 3559 1104 3643 sandiorum
1123 3557 1171 3641 de
1189 3555 1382 3643 electione
1401 3553 1692 3669 episcoporum.

381 3688 408 3725 ‘⁸
427 3678 476 3759 L.
497 3677 538 3759 si
565 3675 772 3790 episcopus
807 3708 832 3762 a
861 3679 1176 3791 metropolitano
1205 3678 1438 3762 admonitus
1467 3705 1542 3791 pro
1571 3674 1712 3761 smodo
1739 3675 1802 3758 vel

494 3807 523 3845 ⁸⁸
542 3796 795 3883 ordinatione
814 3798 1025 3913 episcopali
1043 3797 1179 3883 venire
1197 3798 1407 3899 distulerit,
1432 3826 1481 3882 ex
1501 3794 1673 3886 concilio
1692 3799 1802 3906 Aga·

495 3925 524 3963 ⁸⁸
544 3916 656 3999 tensi.

382 4047 410 4086 ⁸⁸
428 4038 497 4120 LI.
517 4039 581 4118 De
599 4034 854 4120 ordinatione
872 4034 1167 4150 archiepiscopi.

381 4169 409 4206 ⁸⁸
427 4160 518 4241 LII.
538 4159 602 4239 De
619 4153 814 4265 elediione
832 4155 1109 4267 indignorum,
1129 4182 1261 4241 canon
1280 4153 1524 4241 sanctorum.

379 4291 406 4328 ⁸⁸
427 4281 537 4362 LIII.
560 4279 624 4359 Ex
644 4275 818 4360 concilio
837 4275 1113 4361 Calcidonensr
1136 4275 1260 4360 titulo
1280 4273 1453 4360 secundo
1477 4273 1588 4389 quod
1616 4299 1704 4358 non
1730 4276 1802 4359 de-

557 4408 585 4446 ⁸⁸
604 4398 728 4481 beant
746 4396 878 4481 officia
896 4396 1148 4482 ecclestastica
1164 4424 1237 4509 pet
1254 4395 1445 4510 pecunias
1464 4390 1656 4479 ordinari.

381 4535 408 4570 ‘⁸
429 4523 536 4605 LIV.
554 4523 618 4602 De
637 4517 752 4629 laplis
772 4520 986 4627 graduum.

378 4653 406 4690 ⁸⁸
424 4644 510 4732 LV.
532 4643 594 4723 De
613 4634 932 4722 accusationibus
952 4653 992 4719 et
1010 4633 1345 4721 excusationibus.

375 4774 404 4856 .“
424 4765 531 4847 LVI.
554 4756 774 4870 Gregorius
800 4756 975 4841 Iohanni
1002 4754 1214 4858 defensori,
1242 4753 1416 4869 qualiter
1443 4753 1493 4835 de
1522 4749 1707 4864 episcopo
1729 4753 1800 4858 Ja-

553 4894 581 4931 ⁸⁸
601 4879 746 4964 nuario
763 4879 1057 4965 observandum
1075 4875 1136 4979 stt,
1165 4877 1241 4965 sive
1259 4879 1308 4963 de
1327 4875 1414 4964 aliis
1435 4870 1627 4987 episcopis
1651 4870 1799 4980 injuste

1540 5111 1569 5198 ε’
1589 5049 1714 5185 cru.
1735 5099 1799 5184 oe
