4214 5910
902 659 1029 756 CCI.

375 862 401 902 ‘t
421 841 701 957 Deestsecunda
717 842 862 955 epistola
879 839 1054 951 AEffrict'·

283 993 341 1046 20.
371 969 420 1041 Be
436 966 650 1069 gehaoeoum
671 984 846 1035 mannum.

282 1101 340 1153 αι.
374 1076 433 1147 Το
449 1071 664 1174 gehaaeoum
682 1094 707 1171 Ἰ
725 1066 900 1167 laepeoum.

278 1205 337 1257 22.
370 1181 419 1253 Be
435 1176 562 1267 callum
578 1198 783 1273 emsa-enum
803 1196 981 1250 mannum.

282 1312 341 1384 23.
376 1285 624 1382 Nop’symbpa
640 1282 899 1386 ppeofealaga.

280 1420 339 1486 24.
373 1394 440 1488 hep
457 1425 486 1490 ¹1
502 1412 675 1494 eaogapes
690 1416 859 1495 cyningef
875 1405 1071 1493 gepaeones.

284 1527 306 1579 2
311 1525 344 1601 ς.
377 1504 564 1604 angapes
578 1525 745 1602 cynrngef
762 1517 962 1604 gepaeonef.

378 1615 520 1720 Nempe
538 1611 628 1719 leges
646 1611 775 1693 civiles
793 1607 1028 1716 ecclestasticis
1048 1601 1210 1685 adnexa.

283 1727 349 1808 26.
379 1732 505 1839 Leges
525 1728 747 1812 AEthelredi
767 1729 885 1839 regis.

285 1870 352 1954 27.
383 1851 446 1931 De
466 1847 662 1959 preceptis
683 1849 866 1933 Domini.

284 1965 351 2048 28.
381 1970 445 2048 De
464 1965 569 2049 vitiis
591 1967 895 2080 principalibus.

285 2112 352 2193 29.
383 2091 448 2169 De
467 2086 701 2170 virtutibus.

282 2231 345 2304 30.
370 2204 609 2302 AE'belreanes
624 2230 810 2311 cmyncges
827 2205 1026 2310 gepaeones'.

285 2340 352 2421 31.
383 2317 446 2395 De
464 2313 766 2416 christianitate,
787 2316 943 2400 Latine.

288 2459 353 2537 32.
384 2437 523 2516 Sermo
545 2436 715 2519 Latinus
737 2437 852 2546 cujus
873 2433 1033 2517 rubrica
1052 2432 1305 2517 desideratur.

290 2577 350 2649 33·
385 2549 451 2644 hep
466 2560 651 2656 ⁰¹¹3111sse’8
668 2560 709 2628 be
726 2557 984 2654 chrfvenbome.

291 2688 356 2768 34.
388 2662 579 2745 Homelia
599 2662 714 2770 cujus
734 2665 974 2748 defideratur
994 2661 1164 2747 rubrica.

288 2807 311 2889 3
319 2804 356 2890 5.
388 2783 452 2863 De
476 2780 626 2865 vistone
644 2782 754 2868 Isaiae
775 2784 982 2895 prophetae
1007 2809 1132 2894 quam
1155 2779 1255 2865 vidit
1274 2779 1388 2890 super
1408 2778 1549 2863 Iudam
1570 2794 1610 2862 et
1630 2781 1782 2869 Ierusa-

148 2918 152 2925 '
386 2900 480 2997 lem,
490 2903 640 3011 scilicet
657 2905 733 2986 loca
752 2904 915 3013 quaedam
934 2936 978 2986 ex
1000 2905 1098 3012 isicia
1115 2903 1291 3016 propheta
1311 2901 1452 2983 Latine
1471 2919 1507 2981 et
1524 2903 1716 2988 Saxonice.

292 3021 360 3130 36.
387 3023 521 3104 Verba
540 3023 751 3107 Hierimiae
770 3028 990 3138 prophetae.

390 3142 661 3249 Defiderantur
694 3148 857 3253 quaedam
880 3149 986 3256 solia
1019 3148 1146 3258 quibus
1180 3145 1458 3229 continebantur
1485 3142 1648 3252 conelufio
1680 3146 1784 3257 hujm

389 3263 548 3347 homeliae
567 3285 603 3348 et
621 3266 774 3350 initium
780 3269 978 3379 sequentis.

293 3409 361 3491 37.-
389 3387 452 3465 De
471 3384 693 3494 septiformi
713 3388 869 3499 spiritu.

295 3505 360 3614 38.
390 3508 453 3587 De
473 3505 705 3591 antichristo
723 3512 866 3593 Latine
885 3530 920 3593 et
942 3512 1129 3594 Saxonice.

293 3655 359 3736 39.
391 3627 583 3713 Homelia
600 3631 715 3738 cujus
735 3632 975 3717 defideratur
994 3634 1166 3717 rubrica.

292 3779 359 3855 40.
390 3751 581 3835 Homelia
599 3752 714 3859 cujus
734 3754 976 3838 desideratur
994 3754 1166 3837 rubrica.

293 3901 362 3977 41.
392 3873 583 3958 Homelia
602 3874 717 3981 cujus
737 3874 978 3960 defideratur
997 3875 1170 3959 rubrica.

296 4021 363 4099 42.
394 3993 585 4077 Homelia
605 3994 720 4101 cujus
744 3994 903 4080 rubrica
921 3997 1038 4079 deest.

297 4143 365 4223 43.
396 4117 588 4199 Homelia
607 4115 723 4222 cujus
743 4115 985 4200 defideratur
1002 4115 1175 4200 rubrica.

297 4267 365 4343 44.
394 4238 527 4323 Verba
545 4236 734 4322 Ezechiel
752 4238 959 4349 prophetae
979 4240 1027 4320 de
1052 4236 1176 4348 pigris
1198 4251 1270 4318 aut
1290 4234 1441 4320 timidis
1461 4239 1523 4320 vel
1549 4236 1788 4348 negligenti·

392 4358 469 4441 bus
490 4357 726 4469 pastoribus.

296 4506 366 4589 45.
397 4483 535 4562 Sermo
558 4478 666 4591 Lupi
694 4481 744 4561 ad
765 4479 919 4588 Anglos
949 4480 1114 4588 quando
1134 4474 1244 4562 Dani
1272 4477 1446 4560 maxime
1474 4475 1668 4589 persecuti
1697 4477 1790 4561 sunt

396 4629 463 4682 eos
495 4601 606 4712 quod
633 4599 714 4682 fuit
742 4628 852 4685 anno
879 4601 1043 4682 M.VIII
1072 4602 1123 4684 ab
1154 4596 1430 4681 incarnatione
1459 4595 1632 4683 Domini
1664 4597 1789 4684 nostri

397 4722 484 4805 lesu
504 4721 666 4805 Christi.

301 4845 368 4948 46.
399 4847 536 4926 Sermo
554 4844 676 4954 Lupi.

398 4964 576 5075 Sepnimr
593 4962 748 5051 colonio
764 4992 939 5049 canonum
957 4962 1264 5079 ecelesiasticorum
1281 4965 1411 5076 legum,
1431 4965 1507 5049 &a
1527 4963 1592 5049 hoc
1606 4961 1745 5047 ordine.

1617 5112 1684 5196 47·
1714 5090 1789 5171 Be·
