4214 5910
230 644 372 744 ¹352
498 707 501 716 ,
889 607 1256 711 cccxxxur.

389 795 438 879 de
464 791 672 906 provincia
688 791 870 880 saxoniae
897 822 969 907 per
994 793 1223 907 capitulum
1253 793 1439 905 generale
1467 795 1577 908 apud
1604 794 1810 883 Saturium

388 914 607 1000 examinati
625 932 666 997 et
684 913 910 1026 approbati.

319 1039 358 1123 ό.
387 1038 603 1122 Trastatus
622 1035 724 1121 alius
743 1034 792 1118 de
811 1036 961 1122 casibus
981 1033 1426 1123 excommunicationis.

799 1241 1273 1361 CCCXXXIV.

308 1400 431 1512 [Codex
442 1398 783 1484 membranaceusin
796 1399 861 1501 8··,
881 1431 993 1486 manu
998 1401 1225 1512 perantiqua
1229 1401 1410 1512 scriptus,
1430 1399 1473 1483 in
1485 1428 1552 1510 quo
1564 1401 1802 1502 continentur,

315 1522 515 1607 Homeliae
536 1543 691 1606 xxxrx
714 1517 893 1631 Originis
912 1522 956 1605 in
975 1525 1130 1608 Lucam
1151 1527 1268 1606 verse
1287 1522 1339 1606 ab
1353 1519 1525 1607 Eusebio
1544 1522 1800 1610 Hieronimo..

815 1722 1258 1840 CCCXXXV.

305 1884 430 1969 codex
442 1878 735 1964 membranaceus
752 1882 794 1965 in
812 1887 882 1984 4²⁰,
889 1881 1011 1990 seculo
1029 1879 1271 1992 xvscrrptus,
1291 1882 1333 1964 in
1351 1909 1418 1990 quo
1434 1883 1680 1981 continentur,

316 2031 351 2086 1.
380 2001 559 2114 Epistola
578 2001 781 2085 Sarraceni
800 2005 850 2086 ad
868 2002 1013 2087 sestam
1032 2005 1144 2087 suam
1161 2000 1424 2087 christianum
1443 2002 1666 2087 invitantis.

311 2152 351 2208 a.
376 2121 634 2232 'Rescriptum
653 2121 871 2206 Christiani
890 2125 938 2206 ad
959 2126 1168 2206 Maurum.

311 2275 350 2355 3.
378 2242 558 2356 Epistola
578 2242 735 2325 domini
756 2242 863 2326 Petri
882 2242 1118 2327 venerabilis
1133 2242 1404 2328 Cluniacensrs
1425 2243 1581 2327 abbatis
1600 2250 1652 2327 ad
1668 2244 1796 2329 domi·

375 2389 479 2448 num
513 2362 763 2447 Bernardum
791 2363 997 2448 claraeval.
1024 2361 1216 2448 abbatem
1254 2367 1304 2446 de
1335 2361 1420 2475 ipsa
1451 2362 1556 2450 secta
1585 2365 1798 2449 Mabomet

343 2530 347 2537 ·
375 2482 767 2595 pseudo-prophetae.

306 2634 347 2712 4.
376 2601 551 2685 Cronica
571 2603 759 2685 mendosa
777 2619 817 2686 et
836 2602 1046 2688 ridiculosa
1064 2606 1386 2711 sarracenorum.

307 2754 345 2835 5.
374 2725 438 2806 De
469 2721 726 2833 generatione
756 2725 973 2808 Mahumet
1005 2742 1047 2807 et
1080 2722 1287 2807 nutritura
1316 2721 1400 2831 ejus
1434 2750 1560 2837 quam
1593 2722 1795 2808 transtulit

373 2848 638 2928 Hermamrus
674 2844 834 2927 Sclavus
867 2843 1120 2929 scholasticus
1158 2841 1313 2927 subtilis
1344 2863 1385 2926 et
1423 2842 1652 2955 ingeniosus
1690 2845 1796 2956 apud

370 2966 592 3075 Legionem
614 2964 817 3075 Hispaniae
836 2963 1054 3050 civitatem.

303 3090 342 3173 6.
370 3091 473 3171 Itern
494 3086 677 3169 dostrina
697 3086 929 3182 Mahumet‚
959 3114 1051 3197 quae
1068 3087 1177 3198 apud
1197 3089 1432 3170 Sarracenos
1459 3111 1617 3196 magnae
1641 3085 1792 3170 autori-

369 3206 464 3292 tatis
484 3207 552 3304 est,
573 3205 645 3288 sub
664 3208 804 3289 eodem
825 3209 1065 3289 Hermanno
1084 3205 1286 3303 transsata,
1312 3233 1407 3289 cum
1425 3205 1517 3289 esset
1536 3204 1788 3316 peritissimus

367 3323 576 3435 utriusque
595 3324 757 3433 linguae,
779 3322 925 3406 scilicet
940 3323 1099 3407 Latinae
1118 3341 1159 3406 et
1178 3325 1374 3407 Arabicae.

301 3474 341 3555 7.
371 3444 550 3526 Libellus
583 3442 718 3527 fratris
752 3440 939 3526 Riceuldi
972 3444 1124 3526 ordinis
1161 3443 1459 3554 predicatorum
1491 3457 1634 3526 contra
1666 3444 1792 3556 legem

370 3569 692 3649 sarracenorum.

301 3683 340 3768 8.
368 3689 431 3767 De
449 3682 703 3767 conversione
721 3679 829 3766 Petri
850 3682 1047 3792 Alphonsr
1065 3684 1274 3794 quondam
1294 3682 1424 3792 Judei,
1457 3702 1497 3769 et
1520 3682 1626 3768 libro
1643 3684 1728 3792 ejus
1748 3680 1788 3764 in

159 3806 164 3813 ’
370 3807 519 3914 Judeos
539 3823 579 3887 et
598 3808 847 3886 Sarracenos.

301 3956 339 4034 9.
369 3923 585 4006 Trastatus
606 3925 655 4004 de
673 3919 949 4030 dangionibus
969 3921 1132 4006 diaboli.
1195 3919 1197 3922 ’

303 4076 365 4132 10.
395 4050 532 4129 Sermo
551 4047 600 4126 de
620 4045 742 4125 modo
761 4041 920 4125 vivendi
940 4042 1073 4126 fratris
1093 4049 1398 4128 Bonaven'turae.

304 4197 364 4250 11.
395 4168 686 4275 Fragmentum
707 4165 755 4244 de
776 4161 913 4246 avibus
934 4163 1106 4275 piscibus
1126 4182 1165 4246 et
1186 4164 1272 4248 aliis
1295 4161 1560 4248 mirabilibus.

197 4350 200 4357 ·
304 4319 364 4375 ra.
396 4293 459 4371 De
477 4289 624 4398 septem
645 4284 764 4394 signis
785 4282 827 4366 in
849 4285 998 4368 Christi
1018 4287 1239 4369 nativitate.

304 4442 367 4521 13·
398 4411 579 4492 Nomina
599 4405 780 4516 lapidum
801 4403 842 4487 in
864 4433 977 4516 apoc.

305 4560 367 4637 14.
396 4532 553 4641 Regula
572 4544 611 4608 et
630 4525 711 4607 vita
731 4523 905 4608 fratrum
930 4526 1149 4611 minorum.

302 4926 571 5009 CCCXXXIV.]
589 4927 651 4994 Ver.
669 4928 736 4994 Cat.
754 4923 797 4988 K.
815 4924 845 4990 8.
863 4926 961 4991 MSS.
976 4924 1060 5007 Argi.
1080 4945 1282 5013 1390-113.

302 5023 558 5104 CCCXXXV.]
576 5021 627 5086 Ver
643 5025 707 5087 Cat.
726 5020 773 5105 Q
786 5021 817 5086 6.
836 5019 931 5087 MSS.
947 5021 1029 5104 asans.
1051 5021 1251 5108 1527-260.

305 5123 354 5207 8.]
370 5123 438 5193 Vide
451 5118 604 5186 CCCiX.
620 5137 651 5183 a„
