4214 5910
169 690 174 697 ¹
278 674 377 806 332
915 653 1235 777 ccxevnr.

332 901 371 978 4.
401 867 617 978 Catalogus
651 856 794 978 regum
823 866 1051 977 An'gloruni
1085 885 1127 950 et
1157 871 1264 951 loca·
1279 862 1491 979 sepulturae
1521 869 1743 954 eorundem
1775 871 1829 955 ab

401 991 637 1074 Etheiberto
655 1015 746 1100 rege
763 989 920 1073 Cautiae
938 991 989 1074 ad
1008 989 1346 1077 Henricum'VII.

336 1143 375 1225 5.
403 1118 466 1198 De
488 1111 787 1226 archiepiscopis
808 1117 1004 1197 cantuar.
1026 1131 1185 1225 quanto
1209 1130 1391 1225 tempore
1418 1111 1463 1195 in
1489 1111 1826 1226 archiepiscopatu

305 1334 306 1337 p
403 1234 592 1320 vixerunt
607 1253 648 1318 et
664 1229 809 1349 inquo
825 1236 953 1346 gradu
965 1253 1007 1341 et
1022 1235 1232 1345 dignitate,
1251 1224 1364 1348 prius
1382 1224 1536 1318 etanta
1550 1236 1828 1346 &Augustino

404 1360 455 1442 ad
470 1357 725 1442 Willelmum
746 1358 946 1443 Warham
962 1375 1002 1443 et
1022 1361 1198 1442 neoterica
1211 1360 1327 1442 'manu
1344 1359 1395 1440 ad
1414 1361 1476 1441 M.
1490 1357 1649 1442 Parkcr.

335 1483 383 1567 6.
403 1487 467 1567 De
484 1481 685 1594 prioribus
704 1481 871 1566 ecclestae
885 1480 1033 1566 Christi
1048 1485 1169 1565 Cant.
1183 1498 1224 1564 et
1243 1479 1412 1564 nomina
1425 1505 1565 1564 eorum
1577 1483 1636 1563 ab
1655 1482 1826 1564 adventu

403 1608 739 1689 Normannorum
778 1632 876 1688 nam
916 1621 1034 1687 antea
1069 1603 1208 1688 decani
1241 1605 1502 1700 vocabantur,
1514 1656 1518 1666 ·
1541 1605 1592 1684 ad
1622 1605 1827 1687 ‘rhomam

404 1728 605 1810 GoldweII
623 1725 817 1812 ultimum
835 1725 1024 1840 priorem.

259 1950 262 1954 ¹
335 1877 374 1961 7
396 1851 552 1934 Obitus
568 1867 608 1932 et
626 1850 804 1965 exequiae
817 1853 991 1937 Thomae
1006 1849 1204 1995 Bouchier
1220 1849 1421 2005 presbiteri
1438 1849 1649 1934 cardinalis
1667 1865 1707 1931 et
1721 1852 1827 1930 Can·

403 1972 608 2056 tuariensrs
629 1971 925 2085 archiepiscopi.
1022 2014 1025 2023 ·

334 2095 374 2181 8.
403 2096 495 2178 The
513 2094 765 2206 descrypcion
783 2093 831 2178 of
854 2097 924 2178 the
949 2113 1162 2207 pageautes
1191 2094 1340 2178 made
1330 2121 1374 2176 ut
1393 2097 1462 2178 the
1480 2117 1567 2206 cyte
1586 2093 1637 2178 'of
1653 2098 1826 2182 London

403 2235 445 2300 at
464 2218 532 2300 the
550 2244 743 2328 recevyng
760 2216 810 2298 of
828 2217 898 2299 the
922 2218 1026 2299 most
1044 2219 1236 2301 excellent
1258 2243 1426 2328 pryncys
1452 2218 1624 2330 Charlys
1641 2219 1712 2303 the
1727 2220 1826 2333 fyste

404 2365 616 2450 emperour
633 2339 711 2422 and
731 2341 873 2450 Henry
890 2338 960 2422 the
974 2343 1089 2422 VIII.
1110 2339 1208 2448 king
1226 2340 1275 2421 of
1292 2341 1495 2449 EngIond.

334 2492 374 2571 9.
404 2460 587 2545 Nomina
604 2461 900 2546 monachorum
917 2461 1084 2544 ecclesrae
1101 2460 1249 2546 Christi
1269 2466 1472 2546 Cantuar.
1484 2490 1509 2544 a
1524 2481 1715 2579 tempore
1724 2466 1827 2550 exilii

405 2585 625 2667 eorundem
639 2582 690 2667 A.
703 2587 757 2668 D.
770 2588 802 2667 Ι.
822 2587 940 2696 12'07,
960 2583 1096 2668 idibus
1110 2583 1276 2693 JuliiA.
1290 2588 1343 2668 R.
1361 2585 1462 2696 regis
1480 2587 1673 2672 Iohannis
1687 2587 1826 2672 oiiavo

407 2707 477 2816 [ad
497 2733 651 2790 annum
679 2707 819 2818 1527.]
1604 2748 1608 2758 ·

571 2828 772 2913 *altera
789 2860 899 2914 manu
915 2832 1033 2915 addit.
1051 2838 1094 2914 ιιι
1110 2830 1260 2914 uidetur
1278 2861 1303 2912 a
1322 2835 1384 2915 M.
1397 2835 1448 2915 P.
1506 2835 1533 2887 ⁴*

339 2981 401 3037 ιο.
430 2957 676 3064 Excerptum
694 2952 815 3036 bullae
832 2953 985 3065 papalis
1004 2958 1146 3035 contra
1164 2952 1347 3036 convivia
1364 2978 1461 3066 quae·
1474 2952 1640 3037 nomine
1656 2955 1824 3040 benevo-

431 3073 563 3160 lentiae
588 3074 891 3186 aprehendario
916 3074 1094 3159 intrante
1112 3073 1360 3159 residentiam
1380 3079 1489 3161 suam
1519 3077 1563 3161 in
1582 3078 1743 3162 ccclesia
1760 3106 1822 3162 ca-

434 3196 604 3280 thedrali
622 3197 895 3306 exigebantur.

430 3323 593 3405 Dicitur
622 3331 648 3367 “
667 3323 762 3402 talia
789 3324 962 3404 convivia
983 3339 1053 3431 per
1080 3324 1326 3434 quadraginta
1353 3325 1671 3423 dies'continuuri,
1701 3342 1737 3407 et
1763 3353 1823 3405 ex-

435 3456 462 3490 “
476 3444 601 3555 pensas
619 3444 801 3526 eorundem
821 3446 911 3527 ade
932 3445 1158 3552 librassterl.
1177 3448 1409 3529 communiter
1426 3446 1643 3558 rascenderess'

317 3571 320 3576 ’
343 3595 406 3651 ιι.
433 3568 495 3647 De
514 3565 752 3647 fundatione
771 3565 938 3649 abbatiae
958 3567 1254 3650 Beverlaccnsrs.

575 3691 600 3742 *
658 3691 683 3743 *⁵
740 3691 780 3770 in
800 3689 1014 3771 membranis
1019 3690 1137 3801 βιαία
1154 3693 1223 3772 xiv
1229 3689 1365 3802 script.
1423 3693 1448 3745 *⁵
1505 3693 1531 3744 Ἰ

343 3839 403 3895 12.
432 3806 605 3892 Cronica
636 3809 828 3918 [Thomae
853 3811 1018 3894 Stobbes
1043 3809 1119 3892 stve
1140 3811 1294 3895 Stobrei
1320 3804 1586 3922 dominicani]
1613 3813 1663 3894 de
1681 3809 1823 3899 succes-

433 3930 609 4014 sionibus
629 3949 668 4013 et
686 3931 802 4040 gestis
824 3934 947 4015 Ebor.
969 3931 1365 4045 archiepiscoporum.

346 4153 348 4159 Α
608 4056 633 4109 *
690 4059 716 4109 *
773 4058 813 4138 in
833 4058 970 4140 chartis
987 4087 1012 4138 a
1030 4060 1195 4139 Parkero
1212 4056 1328 4140 addit.
1385 4059 1410 4112 *
1468 4062 1493 4111 ⁴*

344 4210 404 4291 ¹3·
432 4182 630 4288 Excerpta
648 4205 669 4259 e
684 4176 848 4286 registro
866 4177 986 4261 veteri
1004 4178 1174 4290 episcopi
1190 4176 1385 4263 Roffenfis
1402 4181 1451 4262 de
1465 4177 1622 4263 ecclesia
1637 4178 1825 4293 Roffenst.

343 4334 402 4408 14.
430 4299 610 4410 Epistola
628 4300 813 4382 Eduardi
829 4305 860 4383 I.
881 4303 930 4382 ad
949 4329 1097 4411 papam
1115 4300 1267 4406 dejure
1288 4302 1360 4383 suo
1377 4301 1420 4384 in
1440 4328 1611 4416 regnum
1632 4302 1787 4386 Scotiae.

341 4452 354 4503 ι
365 4455 401 4535 5.
431 4422 609 4534 Epistola
635 4421 786 4504 Canuti
814 4418 914 4532 regis
936 4423 1093 4532 Angliae
1123 4422 1266 4533 scripta
1294 4430 1449 4522 Romae,
1479 4424 1522 4507 in
1550 4451 1633 4534 qua
1661 4427 1826 4508 testatur

434 4572 582 4656 papam
605 4543 833 4644 conceffiffe,
864 4561 914 4625 ut
941 4543 1221 4657 archiepiscopi
1245 4544 1401 4655 Angliae
1430 4573 1514 4627 non
1543 4544 1717 4658 amplius
1743 4552 1828 4630 Ro-

432 4693 542 4749 mam
560 4666 617 4750 irc
635 4684 870 4776 cogerentur
886 4666 998 4779 pallii
1016 4668 1154 4752 causa:
1183 4711 1240 4730 -
1257 4671 1318 4750 cni
1326 4666 1566 4780 strbjungitur
1585 4669 1716 4751 brevis
1733 4698 1826 4752 nar-

1724 4811 1827 4876 ratlo

786 5127 855 5215 14.]
869 5130 939 5200 ιιιι
953 5129 1027 5197 ex.
1042 5150 1075 5215 4.
1091 5126 1259 5198 ccxcu.
1277 5132 1310 5198 ι.
