4244 5910
861 589 1070 685 xxvu.
1707 638 1766 731 17

226 796 253 832 “
271 784 531 880 archidiaconi,
561 784 660 892 cidus
688 772 813 863 aniona
838 794 910 886 per
939 779 1220 888 misericordiam
1254 788 1337 869 Dei
1366 791 1559 903 requeiessut
1595 792 1636 872 iu
1666 812 1770 904 poce.

225 918 253 954 «ι
273 911 405 991 Amen,
461 910 527 989 De
543 907 680 1017 (sciffo
698 907 747 985 Β.
767 901 915 982 Maria
932 901 973 984 de
990 902 1172 1013 Lcffloua,
1195 908 1363 1016 Suffllc?

277 1276 392 1358 Codex
409 1275 692 1358 membranaceus
709 1271 863 1380 infolio,
870 1272 988 1383 seculo
1007 1275 1067 1354 xii
1085 1294 1268 1372 exaratus,
1288 1278 1329 1358 in
1346 1308 1411 1389 quo
1429 1283 1667 1378 continentur,
1769 1326 1773 1333 ·

278 1397 464 1506 Origenis
484 1396 683 1479 Homeliae
703 1391 824 1475 xxviii
844 1391 887 1505 in
906 1391 1056 1475 librum
1077 1399 1353 1480 Numerorum
1373 1427 1397 1480 a
1416 1401 1570 1483 Rufino
1587 1431 1608 1484 e
1628 1409 1770 1488 Graeco

219 1516 265 1603 In
282 1519 476 1602 Latinum
497 1518 626 1601 versae.

277 1653 303 1689 “
324 1642 444 1725 Liber
454 1643 599 1752 scantia
615 1643 762 1722 Μανία)
780 1635 1045 1734 Abbendouiae3
1073 1641 1272 1753 quicunque
1295 1642 1407 1755 opstent
1431 1646 1652 1731 alienaverit
1673 1680 1766 1733 nua-

221 1774 247 1810 “
266 1762 455 1871 theutastt.
475 1764 631 1845 Arnen.'’

272 2119 387 2203 Codex
403 2117 688 2202 membranaceus
705 2120 746 2200 in
749 2119 860 2229 fiilio,
868 2114 988 2233 'siculo
1004 2122 1082 2202 xiii
1098 2138 1281 2216 exaratus,
1302 2121 1344 2227 iu
1361 2151 1427 2232 quo
1444 2124 1657 2219 continetur,

271 2239 379 2325 Petri
399 2239 638 2324 comestoris
657 2240 820 2323 historia
838 2240 1075 2327 scholastica.

877 2445 1091 2561 XXX.

271 2611 386 2695 Codex
402 2611 686 2695 membranaceus
704 2613 860 2725 infolio,
866 2615 985 2729 siculo
1004 2618 1082 2699 xiii
1100 2632 1284 2711 exaratus,
1303 2615 1344 2694 in
1362 2642 1428 2724 quo
1445 2614 1681 2712 continentur,

277 2763 311 2816 1.
340 2732 546 2845 Expofitio
579 2733 750 2817 Andron
790 2734 1031 2849 [Viuorini]
1074 2734 1228 2821 abbatis
1264 2734 1308 2819 in
1349 2734 1678 2844 pentateuchum,
1718 2735 1763 2819 in

336 2857 515 2965 Josuam,
534 2855 707 2965 Judiccs,
728 2856 773 2941 in
786 2858 909 2943 libros
931 2867 1091 2971 Regum
1106 2878 1147 2943 et
1161 2856 1472 2956 Chronicorum,
1493 2856 1760 2943 inParabolas

335 2977 570 3077 Salamonis,
590 2978 692 3062 etin
712 2980 993 3066 Ecclefiastem.

270 3127 308 3183 2.
337 3100 542 3212 Expofitio
563 3101 607 3183 in
628 3102 840 3186 Parabolas
861 3103 1078 3187 secundum
1097 3105 1256 3187 Bedam.

271 3252 309 3331 3.
340 3222 569 3305 Hieronimi
588 3221 780 3332 exposstio
800 3224 844 3307 in
865 3226 1147 3309 Ecclefiastem.

267 3374 309 3449 4.
340 3346 509 3427 Andreae
533 3341 770 3455 [victorini]
795 3346 948 3432 abbatis
968 3346 1159 3460 expofitio
1178 3344 1222 3430 in
1241 3342 1296 3428 xii
1316 3344 1544 3457 prophetas.

852 3553 1095 3669 XXXI.

263 3717 378 3799 Codex
398 3717 680 3799 meucbranaceus
698 3720 852 3829 infidia,
861 3725 980 3839 seculo
999 3727 1070 3806 xiv
1088 3735 1271 3813 exaratus,
1292 3715 1333 3795 iu
1353 3741 1419 3824 quo
1437 3712 1650 3809 continetur,

263 3844 419 3921 Textus
445 3837 499 3921 xii
525 3839 828 3950 prophetarum,
858 3862 897 3927 et
922 3844 1112 3958 expofitio
1129 3867 1270 3926 eorum
1295 3863 1320 3917 a
1344 3833 1531 3944 magistro
1553 3834 1755 3945 Stephano

211 3962 440 4072 [Langton]
461 3961 753 4074 archiepiscopo
772 3966 1062 4050 Cantuariensc.

264 4098 290 4131 “
310 4086 429 4166 Liber
433 4084 577 4194 fiuntdcc
595 4089 741 4167 Maria
758 4087 800 4169 de
819 4092 1037 4200 Coggefhale.
1815 4174 1819 4182 .

992 4208 1003 4233 ⁹
1439 4203 1609 4282 XXXII.
1638 4200 1752 4282 Codex

206 4392 1755 4430 M

261 4494 440 4578 XXV111.]
457 4497 522 4565 Vct.
540 4502 604 4565 Cot.
621 4500 661 4566 L.
678 4521 708 4583 7.
727 4502 823 4570 MSS.
839 4504 925 4589 Ange.
946 4501 1148 4589 1405-128·

260 4602 410 4687 XXIX]
426 4604 489 4672 Vct.
507 4605 573 4671 Cot.
590 4605 628 4672 B.
649 4626 677 4672 1.
694 4607 790 4674 MSS.
808 4610 893 4693 Angl.
913 4610 1093 4696 1289-13.

260 4710 392 4792 XXX]
410 4708 472 4775 Vct.
490 4715 556 4778 Cot.
572 4713 624 4781 M.
640 4737 673 4802 9.
689 4715 785 4782 MSS.
803 4717 888 4799 Augl.
909 4736 1109 4802 1421-144.

261 4819 309 4902 1.]
325 4817 578 4889 VuchCCXV.
596 4843 628 4909 ς.

258 4928 406 5009 ΧΧΧΙ.]
422 4928 485 4996 Vct.
502 4932 570 4995 Cot.
586 4930 637 4995 M.
659 4950 707 4998 ιο.
726 4930 820 4999 MSS.
841 4931 924 5014 dugl.
948 4928 1149 5017 1425-148.

255 5031 405 5119 XXXI]
419 5035 489 5104 Vide
502 5035 576 5113 Lv.
593 5036 715 5105 LVIII.
731 5036 925 5106 LXXXIX.
942 5038 1067 5105 CCIV.
