4214 5910
97 671 101 679 ’
214 780 216 783 ,
364 680 456 779 118
1102 677 1207 778 CX.

512 857 752 945 1000001
780 855 1009 971 reginarum
1047 857 1193 948 ibidem
1230 851 1489 978 sepultarum,
1525 876 1665 1025 autore
1694 860 1912 964 Willelmo

509 981 753 1079 Woddesou,
778 1001 929 1095 p..279

421 1137 481 1202 11
511 1107 572 1189 De
588 1104 760 1213 quodam
780 1102 973 1185 miraculo
989 1101 1130 1217 insigni
1146 1102 1304 1241 gloriosi
1321 1104 1507 1195 antistitis
1525 1106 1736 1206 swithuni
1752 1127 1793 1221 p.
1810 1111 1909 1221 285.

513 1223 694 1311 Continet
711 1219 777 1328 hist
778 1222 894 1304 oriam
924 1226 1066 1307 Emmca
1098 1224 1230 1307 matris
1264 1224 1451 1312 Edwardi
1479 1225 1690 1343 corfifforis,
1727 1257 1809 1341 quo
1837 1250 1916 1341 per

516 1373 639 1431 nouem
658 1371 814 1426 vomeres
833 1341 1071 1429 candentior
1054 1345 1150 1452 llceso
1169 1347 1313 1453 rnrefflt.

424 1495 484 1561 12
515 1467 664 1547 Chatta
682 1462 913 1546 Edwardil
934 1462 1108 1549 concessa
1127 1465 1292 1551 ecclesiae
1312 1465 1488 1553 Winton
1508 1467 1753 1556 confirmans
1774 1488 1910 1553 cartas

513 1581 705 1669 Iohannis
720 1599 759 1664 et
774 1581 939 1666 Henrici
956 1584 1027 1667 ΙΙΙ.
1048 1610 1138 1695 quae
1156 1583 1323 1671 recitant
1325 1614 1441 1699 urpe
1423 1587 1736 1701 rinspeximus,
1751 1605 1792 1695 p.
1809 1588 1908 1697 287.

426 1737 488 1821 13
517 1706 631 1793 Bulla
650 1699 877 1787 Innocentii
903 1730 1015 1817 papae
1035 1701 1279 1791 confirmans
1299 1706 1505 1822 privilegia
1524 1708 1690 1797 ecclefiae
1711 1708 1908 1809 Winton,

538 1852 658 1933 ··294

423 1983 484 2063 14·
506 1845 576 2037 100
590 1942 745 2030 0001081
766 1947 803 2029 8.
816 1943 1015 2031 swithuni
1030 1943 1218 2049 Winton,
1239 1952 1349 2064 quod
1370 1965 1483 2035 vetus
1498 1949 1596 2036 olim
1617 1950 1912 2045 nominabatur

511 2066 749 2160 cenobium,
780 2068 828 2145 do
847 2084 989 2177 quarta
1009 2066 1180 2151 mirabili
1199 2087 1239 2153 et
1265 2069 1409 2155 ultima
1435 2069 1734 2157 introductione
1760 2100 1910 2160 mona-

516 2190 685 2280 chorum
718 2185 866 2270 ibidem
899 2187 1005 2269 faita
1037 2217 1147 2271 anuo
1177 2189 1314 2298 gratiae
1342 2193 1437 2297 967,
1470 2191 1718 2300 temporibus
1753 2196 1909 2307 Edgari

517 2310 618 2418 regis
638 2306 792 2419 pacifici
810 2326 849 2388 et
869 2310 907 2389 8.
924 2308 1125 2391 Dunstani
1144 2307 1419 2424 archipresulis
1439 2314 1633 2395 Cantuor.
1649 2313 1725 2414 fol.
1744 2340 1836 2422 297.

427 2460 488 2550 15.
518 2435 641 2522 Carta
660 2425 807 2543 Edgari
838 2426 937 2534 regis
967 2428 1122 2537 pacifici
1152 2459 1225 2541 pro
1254 2429 1512 2517 renovatione
1536 2450 1649 2515 terrae
1678 2435 1727 2515 de
1748 2436 1908 2523 Chilte

514 2553 659 2637 cumbe
679 2567 718 2630 et
737 2576 812 2667 pro
832 2547 1174 2635 reintrodubiione
1194 2551 1502 2649 monachorum,
1524 2570 1567 2663 p.
1587 2578 1679 2660 299·

426 2677 487 2767 16.
519 2675 634 2757 Bulla
664 2670 824 2757 Ioannis
854 2698 962 2781 papae
988 2673 1099 2758 XIII,
1131 2676 1179 2752 do
1209 2669 1508 2755 introduiiione
1538 2677 1832 2763 monachorum
1863 2675 1908 2763 in

339 2858 344 2866 .
513 2794 709 2882 ecclesiam
732 2797 768 2873 8.
781 2791 981 2873 Swithuui
1007 2791 1226 2874 Wintoniae
1245 2790 1420 2873 concessa
1440 2798 1488 2872 A.
1507 2797 1559 2874 D.
1577 2795 1670 2900 964,
1694 2813 1736 2904 p.
1756 2796 1851 2913 300.

424 2945 486 3026 17.
514 2922 634 3001 Curta
653 2918 701 2997 de
722 2914 964 2994 Husbourne
985 2908 1171 2995 Edwardi
1190 2911 1367 3006 senioris,
1392 2929 1433 3018 p.
1452 2940 1544 3018 301.

324 3090 328 3098 ·
425 3043 486 3131 18.
517 3037 720 3122 Sententia
742 3034 1171 3120 excommnuicationis
1202 3037 1282 3117 lata
1309 3034 1351 3115 in
1372 3037 1462 3116 aula
1483 3035 1709 3119 Westmon.
1731 3064 1753 3119 a
1773 3036 1909 3124 Bone·
1999 3028 2005 3037 ’

514 3162 618 3243 facio
637 3157 929 3267 archiepiscopo
949 3161 1143 3241 Cantuar.
1165 3162 1215 3241 A.
1234 3160 1286 3245 D.
1314 3182 1359 3238 12
1366 3182 1431 3265 50,
1456 3155 1498 3236 in
1518 3156 1678 3269 eosqui
1701 3160 1908 3252 eccleslatn

516 3287 553 3366 8.
572 3281 771 3364 Swithuni
794 3279 965 3360 Winton
986 3277 1252 3387 spoliaverint,
1273 3281 1346 3362 boc.
1370 3295 1412 3385 p.
1432 3303 1523 3386 302.

424 3436 484 3513 19.
513 3402 642 3512 Copia
674 3429 829 3508 magnae
859 3398 1156 3508 compositionis
1187 3398 1304 3480 fasiae
1333 3397 1438 3480 iuter
1467 3397 1690 3483 Iohannem
1719 3400 1769 3481 de
1794 3404 1906 3485 Pou-

514 3522 644 3607 tiffera
673 3520 809 3631 divina
838 3518 1088 3631 providentia
1114 3518 1342 3628 episcopum
1371 3517 1559 3612 Winton,
1590 3537 1629 3597 et
1659 3517 1835 3625 priorem
1866 3540 1910 3602 et

515 3662 760 3726 conventum
781 3643 819 3723 8.
834 3639 1033 3723 swithuni
1053 3639 1242 3738 Winton,
1263 3640 1370 3749 apud
1391 3641 1616 3720 Ravernam
1639 3645 1689 3719 A.
1705 3641 1759 3722 D.
1785 3641 1907 3747 1284.

431 3825 436 3837 .
541 3791 666 3870 ,gom
1923 3864 1927 3871 ι

421 3914 486 3973 20.
508 3783 782 3965 homi-matio
810 3880 1108 3990 privilegiorum
1140 3877 1283 3990 prioris
1310 3894 1350 3959 et
1378 3896 1600 3960 conventus
1630 3899 1701 3989 per
1726 3881 1906 3965 eundem

514 4005 741 4115 episcopum
763 4000 870 4084 sabia
891 4005 939 4094 Α.
957 4007 1009 4083 Ι).
1039 4001 1152 4105 1284,
1176 4020 1217 4110 p.
1238 4027 1329 4105 303.

284 4157 289 4167 ·
420 4156 485 4218 21.
516 4123 784 4212 Confirmatio
812 4120 912 4230 regis
943 4123 1128 4205 Edwnrdi
1156 4125 1263 4232 apud
1283 4126 1508 4202 Ravernam
1538 4120 1588 4200 de
1616 4120 1909 4228 compositione

514 4247 623 4331 fabia
641 4245 746 4330 inter
765 4249 958 4327 Ioannem
978 4246 1027 4326 de
1047 4244 1264 4326 Pontiffera
1284 4240 1513 4352 episcopum
1533 4238 1708 4322 Winton
1727 4258 1767 4322 et
1791 4240 1908 4351 prio·

516 4394 599 4451 rem
618 4384 922 4456 010001001001
945 4368 982 4446 S.
999 4363 1213 4461 swithuni,
1235 4382 1277 4472 p.
1296 4385 1390 4470 307.

419 4488 746 4599 22.Compos1t0
775 4485 883 4568 fasta
902 4486 1020 4569 inter
1045 4485 1300 4567 Wiilelmum
1329 4480 1525 4564 Warham
1560 4477 1909 4592 archiepiscopum

447 4713 450 4719 Ι
515 4611 707 4690 0101011.
725 4626 764 4688 01
779 4606 952 4721 priorem
968 4626 1007 4688 et
1022 4628 1267 4689 conventum
1282 4603 1442 4688 ecclefiae
1456 4600 1692 4685 cathedralis
1708 4605 1908 4691 Cantuar.

514 4747 554 4808 et
583 4728 756 4838 priorem
775 4745 813 4820 et
831 4746 1077 4812 conventum
1097 4726 1259 4819 ecolesrae
1278 4724 1511 4808 cathedralis
1533 4722 1708 4804 Winton
1735 4722 1783 4803 de
1803 4749 1907 4809 cura

513 4866 552 4926 et
571 4840 747 4928 custodia
761 4843 1008 4928 ecclesiarum
1029 4847 1077 4927 de
1092 4847 1296 4931 Estmenes
1317 4866 1355 4931 et
1375 4845 1604 4931 Homeldon
1623 4840 1709 4924 sede
1723 4839 1906 4928 Winton

512 4985 677 5055 vacante
698 4973 747 5056 A·
764 4971 817 5055 D.
839 4994 955 5080 1531,
979 4984 1018 5082 p·
1039 4966 1130 5075 308·

1671 5111 1738 5200 ²3·
1766 5081 1906 5173 Chro-
