4244 5910
1003 280 1173 301 flu..¹'··'·'''¹'¹
1190 290 1196 297 ,

399 308 415 317 ⁶
448 317 485 335 ‘¹¹‘
497 330 538 347 n·-
752 302 992 375 *Est-w...
1209 294 1371 337 ”·'·-=·½.nm
1395 322 1404 329 -
1460 308 1464 313 ¹
1519 296 1540 309 Ἰ

541 346 745 388 ‘'q-mm„-

710 554 1452 636 .PREFATIO.

337 741 377 819 in
398 768 437 819 re
457 767 533 818 uns
553 737 597 846 est
614 737 659 818 cl.
680 737 872 846 Cesleiuff
930 724 1013 841 Posi
1039 738 1132 819 hanc
1159 737 1429 846 qualemcunque
1456 735 1584 818 codicis
1614 735 1878 848 descriptionem

326 862 498 973 sequitur
512 861 619 940 index
623 862 847 968 fingulorum
862 863 1110 955 articulorum,
1124 861 1188 968 qui
1207 860 1247 939 in
1266 889 1302 939 eo
1314 860 1559 953 continentur;
1581 861 1620 939 in
1636 889 1701 971 quo
1711 860 1879 939 candendo

339 980 431 1063 mihi
447 981 575 1089 religia
586 981 675 1090 snit
693 1003 829 1062 veteres
847 985 968 1063 titulos
987 981 1039 1062 nd
1052 981 1206 1087 amuffim
1224 979 1476 1087 transcribere,
1505 983 1726 1089 alienumque
1742 981 1879 1060 amerino

340 1135 366 1184 a
379 1106 546 1213 propostto
554 1103 744 1212 judicavi,
773 1135 815 1184 ea
834 1135 913 1214 quce
924 1123 1058 1213 perum
1078 1102 1342 1211 latireesonant,
1363 1121 1504 1182 mutare
1521 1103 1583 1182 vel
1598 1105 1789 1209 corrigere.
1836 1100 1880 1182 Si

342 1225 533 1335 aliquando
551 1255 671 1306 nomen
687 1228 825 1305 autoris
842 1255 886 1305 ex
903 1227 1057 1306 aliorum
1075 1224 1229 1305 codicum
1257 1224 1438 1306 collatione
1465 1225 1674 1331 collegerim,
1706 1225 1763 1304 ien
1781 1224 1881 1303 uncis

344 1348 515 1457 incluficm
533 1347 689 1456 nppofici,
707 1366 749 1427 ut
763 1348 886 1427 leotari
901 1348 1027 1428 videre
1044 1347 1165 1441 liceat,
1185 1345 1279 1425 illud
1292 1346 1436 1426 aliunde
1453 1345 1513 1455 effe
1531 1346 1756 1454 desumptum.
1814 1344 1888 1425 Sed

332 1470 465 1584 forsan
484 1468 592 1580 nescio
610 1472 691 1578 quis
707 1469 861 1575 objiciet,
879 1472 993 1550 multa
1010 1469 1150 1578 quidem
1169 1466 1209 1548 in
1226 1466 1289 1547 hoc
1306 1465 1464 1572 catalogo
1480 1496 1664 1547 occurrere
1683 1468 1724 1547 in
1737 1468 1883 1575 priori-

347 1590 551 1700 busomish,
564 1591 735 1700 pleraque
753 1596 871 1673 tamen
891 1591 1022 1672 nullius
1027 1593 1117 1697 fere
1131 1589 1295 1670 momenti
1298 1651 1307 1682 ,
1317 1589 1503 1698 satiusque
1508 1586 1635 1698 seerffe,
1655 1589 1883 1697 aequatam

343 1712 559 1824 parvisunt
570 1714 839 1822 pretiifilentio
852 1711 1086 1821 praeteriise:
1103 1711 1174 1823 s’d
1188 1711 1314 1819 confido
1334 1740 1400 1790 non
1417 1712 1536 1791 omnia
1564 1741 1588 1790 a
1608 1740 1662 1791 me
1688 1739 1783 1790 nunc
1794 1710 1883 1818 pri·

349 1865 444 1917 mum
461 1835 502 1915 iu
516 1836 625 1915 lucem
644 1834 742 1915 edita
760 1833 834 1940 ejus
852 1833 913 1943 effe
924 1835 1090 1941 generis:
1111 1853 1146 1913 et
1165 1832 1205 1913 de
1224 1834 1364 1913 coeteris
1382 1861 1461 1941 qua
1469 1832 1645 1943 plerisque
1650 1833 1783 1941 sorsan
1802 1860 1886 1912 con·
1925 1880 1928 1884 ·

350 1956 534 2038 temnenda
553 1954 828 2065 negligendaque
845 1957 1029 2050 videntur,
1049 1956 1189 2064 cnccscm
1207 1984 1316 2035 meam
1336 1953 1459 2034 dicant
1479 1956 1644 2062 Catalogi
1662 1957 1779 2034 MSS.
1799 1958 1884 2034 An-

346 2080 438 2187 glice
455 2093 489 2158 et
508 2075 702 2158 Hibernia
720 2077 880 2159 editores.
940 2091 965 2124 “
987 2079 1108 2188 Vestem
1127 2077 1184 2182 csl,
1200 2076 1383 2184 inquiunt,
1405 2077 1520 2157 MSS.
1540 2077 1753 2183 ommufhu
1771 2077 1885 2156 mina-

354 2212 381 2246 “
402 2201 457 2280 ris
460 2199 545 2308 stne
561 2190 835 2295 melioris‘nota
860 2212 971 2307 prout
989 2201 1029 2280 in
1049 2197 1263 2285 bibliotheca,
1274 2218 1478 2291 occurrunt,
1509 2199 1549 2279 in
1568 2200 1767 2305 catalogum
1786 2197 1887 2278 redi-

356 2332 383 2366 “
396 2350 503 2431 gere;
531 2350 567 2401 eo
584 2320 678 2429 qued
687 2322 832 2430 diverfis
850 2322 962 2433 ustbus
980 2312 1158 2433 irfirvire
1169 2317 1319 2429 pofflent,
1339 2321 1523 2429 variisque
1541 2319 1753 2429 curiosorum
1773 2321 1887 2404 home}

356 2453 383 2489 ‘¹
402 2472 487 2524 num
512 2442 706 2551 propofltis.
763 2444 928 2553 Adeoque
957 2446 1021 2553 qui
1049 2442 1134 2522 hnic
1147 2441 1255 2550 forte
1281 2442 1417 2521 homini
1443 2441 1641 2522 vid'antur
1667 2440 1887 2549 neglegendi}

358 2577 385 2613 “
407 2564 517 2645 iidem
530 2564 612 2660 alii,
627 2565 693 2672 qui
709 2565 787 2644 alia
817 2565 868 2644 rbi
880 2567 1061 2675 propefieit
1074 2563 1302 2673 inquirenda,
1309 2564 1439 2671 serent
1456 2566 1496 2643 in
1504 2565 1674 2676 ficosustes
1693 2562 1887 2672 expetendi.

357 2697 386 2733 “
406 2688 507 2793 Quin
525 2704 560 2766 et
578 2715 685 2795 quum
704 2686 744 2767 in
764 2687 875 2768 eodem
892 2686 1069 2768 volumine
1089 2686 1223 2791 diverst
1238 2690 1418 2766 trablatus
1435 2704 1627 2766 accurrunt
1635 2685 1769 2794 plures,
1775 2689 1817 2794 st
1832 2715 1889 2765 eo·

358 2819 490 2889 “rum
508 2807 627 2916 aliqui
645 2808 793 2888 minoris
808 2809 914 2915 sorte
927 2811 1007 2915 stnt
1024 2807 1220 2912 estirrcandi,
1251 2807 1295 2886 id
1310 2806 1541 2916 compensabit
1567 2808 1720 2887 aliorum
1748 2808 1890 2896 valor.”

356 2932 476 3012 Notas
493 2959 518 3010 a
535 2929 713 3025 Parhero,
727 2929 901 3039 Jocelino,
920 2931 1079 3040 aliisque,
1101 2926 1276 3009 codicibus
1296 2928 1498 3038 inscriptas,
1513 2931 1707 3038 Jamefium
1725 2946 1759 3008 ct
1776 2931 1889 3010 Stan-

357 3051 465 3133 lelum
471 3047 616 3162 secutus
634 3051 772 3131 retinui
778 3091 790 3146 ;
819 3052 986 3161 quefilam
1003 3051 1053 3132 ab
1068 3053 1118 3131 eis
1128 3047 1383 3159 pratermiffiu
1407 3051 1447 3129 in
1460 3051 1541 3130 erni
1549 3089 1560 3145 ;
1590 3079 1683 3131 necas
1702 3051 1891 3161 aliquanda

356 3173 495 3256 addidi.
552 3172 811 3284 Inscriptiones,
846 3173 971 3283 quibus
990 3174 1118 3282 confiat
1136 3174 1200 3254 vel
1211 3173 1254 3254 de
1271 3172 1442 3283 posesore
1460 3173 1601 3269 codicis,
1631 3173 1694 3254 vel
1716 3173 1758 3254 de
1773 3174 1890 3286 secula

356 3325 421 3408 quo
427 3296 591 3407 scriptus
596 3296 698 3401 fuit,
719 3297 935 3406 transcripst.
985 3302 1082 3378 Eum
1102 3297 1259 3378 ordinem
1272 3294 1427 3378 codicum
1431 3298 1604 3407 sequutus
1603 3296 1702 3406 fiam,
1715 3325 1780 3406 quo
1797 3325 1892 3378 nunc

357 3420 398 3500 in
415 3416 624 3498 bibliotheca
650 3417 893 3528 disponuntur,
923 3437 1040 3527 utpote
1061 3418 1228 3526 generali
1252 3417 1332 3526 ecscci
1360 3419 1475 3524 magis
1493 3418 1806 3511 accommodatum:
1823 3417 1895 3526 sed

358 3538 567 3646 ictfucilius
586 3539 801 3618 inveniatur
819 3538 923 3620 codex
942 3542 1139 3651 quicunque
1157 3569 1200 3619 ex
1218 3568 1360 3618 numero
1378 3540 1395 3615 i
1404 3541 1482 3645 stus
1500 3541 1562 3619 vel
1584 3541 1626 3619 in
1644 3540 1763 3618 veteri
1788 3556 1894 3618 cata·

358 3663 432 3768 logo
450 3659 655 3741 Stanleiano
673 3659 736 3739 vel
749 3659 789 3739 in
808 3662 964 3768 catologo
982 3665 1101 3742 MSS.
1111 3659 1263 3767 Angliae
1277 3677 1311 3739 et
1325 3660 1530 3753 Hibernia,
1547 3661 1689 3763 eundem
1708 3682 1892 3740 numerum

345 3780 489 3893 simper
507 3781 548 3860 in
565 3784 731 3890 margine
747 3780 890 3890 apposui
898 3821 910 3876 3
939 3801 973 3863 et
1001 3783 1175 3892 duplicem
1201 3780 1360 3862 tabulam
1378 3781 1463 3863 huic
1481 3781 1559 3894 usto
1570 3781 1828 3891 irfirvientem
1845 3781 1898 3865 ad

348 3897 463 4017 finem
481 3900 621 3984 addidi.
678 3902 723 3982 Si
738 3907 919 3984 trauains
936 3906 1068 4016 aliquis
1082 3904 1218 4016 sapius
1236 3904 1276 3984 in
1295 3902 1504 3984 bibliotheca
1521 3922 1701 4000 occurrat,
1729 3905 1770 3985 in
1787 3934 1891 3986 mar-

355 4026 445 4135 gine
461 4023 650 4105 identidem
668 4023 845 4106 adnotavi
850 4063 862 4119 3
869 4025 941 4134 st’d
954 4057 1033 4108 cum
1048 4056 1114 4108 nen
1121 4028 1263 4136 semper
1273 4026 1364 4106 mihi
1379 4025 1530 4106 daretur
1535 4026 1702 4131 facultas
1710 4031 1892 4109 trauains

361 4146 484 4259 iisdem
507 4145 628 4245 titulis
641 4146 823 4256 irfignitos
841 4147 938 4227 inter
953 4153 998 4261 se
1016 4147 1230 4256 corfirmdi,
1247 4148 1342 4256 fieri
1361 4147 1470 4257 potesl
1495 4146 1743 4258 utaliquando
1761 4147 1897 4259 divers

346 4272 440 4380 stnt,
453 4263 697 4378 etſsſsmilibus
710 4267 895 4378 gaudeant
912 4283 1137 4386 enapqoepme.
1194 4274 1258 4351 Ea
1274 4270 1368 4349 enim
1383 4267 1429 4376 ‘st
1446 4270 1503 4349 lex
1513 4269 1617 4380 hujm
1635 4269 1850 4353 bibliotheca
1866 4303 1892 4353 a

349 4391 551 4502 fundatore
564 4381 729 4500 stencita,
750 4414 791 4471 ut
810 4421 918 4501 neque
932 4385 1053 4497 socius
1070 4386 1202 4501 aliquis
1214 4390 1312 4500 solus
1330 4420 1407 4471 eam
1426 4391 1532 4472 adire
1541 4392 1663 4502 potest,
1679 4392 1750 4506 [Δ
1750 4393 1894 4505 semper

361 4514 434 4595 alio
451 4512 547 4622 socio
574 4512 637 4592 vel
647 4512 810 4623 scholari
836 4513 1035 4605 comitatus,
1068 4539 1176 4622 neque
1196 4509 1382 4623 plusquam
1409 4530 1481 4594 tres
1500 4512 1629 4597 codices
1646 4516 1687 4596 in
1715 4545 1893 4597 cameram

343 4637 463 4748 ¹fitam
480 4634 675 4745 asportare,
702 4635 808 4745 idque
824 4665 892 4718 non
906 4636 984 4744 stne
1007 4632 1155 4715 licentia
1171 4634 1339 4745 magistri
1364 4633 1578 4748 duorumque
1590 4639 1770 4750 sociorum
1790 4640 1900 4748 prius

1650 4819 1651 4822 κ
1687 4778 1897 4878 impetrata.

389 4942 415 4977 ⁴
436 4948 457 4974 “
472 4939 486 4997 1
502 4955 567 4996 own
585 4935 689 4997 indeed
703 4939 718 4999 1
733 4956 800 5018 may
814 4936 850 4996 be
864 4939 1003 5001 missnken
1017 4940 1046 5000 in
1061 4943 1198 5027 affigning
1213 4943 1261 5004 the
1274 4961 1406 5024 century,
1423 4946 1451 5008 in
1468 4946 1562 5023 which
1575 4968 1591 5007 a
1608 4947 1686 5008 book
1700 4969 1757 5008 wne
1771 4951 1905 5026 written3

358 5014 529 5079 andinstead
541 5014 579 5072 ef
585 5015 633 5074 the
645 5014 718 5082 inuh,
729 5036 795 5093 may
806 5015 879 5075 have
893 5018 968 5078 fixed
982 5039 1057 5098 upon
1071 5022 1119 5081 the
1130 5023 1215 5083 viiith
1228 5043 1262 5082 or
1274 5025 1326 5083 xth
1341 5040 1472 5103 century.
1515 5027 1571 5084 But
1586 5027 1608 5085 is
1620 5027 1643 5085 it
1656 5040 1707 5084 not
1721 5026 1812 5086 better
1826 5044 1855 5087 to
1871 5032 1907 5090 be

359 5095 421 5157 told
434 5095 528 5152 that-⁸
544 5091 659 5183 δορὴ-ἐι
673 5112 732 5171 900
746 5112 827 5172 γεω
836 5093 901 5166 old.
916 5096 998 5158 when
1014 5097 1136 5180 perhaps
1148 5100 1174 5162 it
1187 5119 1252 5180 may
1269 5101 1304 5160 be
1323 5121 1396 5164 1000
1408 5122 1441 5161 or
1458 5110 1529 5173 800,
1545 5105 1613 5163 than
1628 5118 1659 5176 no
1671 5104 1704 5160 be
1719 5103 1772 5163 left
1782 5106 1863 5184 quite
1876 5108 1909 5171 in

358 5170 746 5250 &numennumen
