4214 5910
300 655 397 773 284
1001 651 1181 753 CCIX.

181 942 184 948 Ι
345 863 382 919 2.
412 829 606 919 Iohannis
633 833 883 936 Damasceni,
916 833 990 948 qui
1012 851 1181 921 vocatur
1202 831 1392 936 Manlur,
1417 833 1532 933 liber,
1562 834 1717 951 inquo
1742 834 1838 949 [est]

394 954 533 1039 'etiam
553 953 716 1038 traditio
739 956 976 1041 orthodoxae
1004 955 1097 1039 fidei
1123 955 1321 1070 capitulio
1338 954 1464 1041 divisa
1479 971 1660 1055 centum,
1689 957 1837 1042 aBur-

414 1073 569 1182 gundio
591 1073 737 1183 judice,
756 1076 841 1161 cive
860 1075 1017 1174 Pisano,
1042 1077 1093 1159 de
1110 1077 1252 1162 Graeco
1269 1074 1314 1163 in
1331 1077 1543 1176 Latinum,
1573 1076 1747 1165 domino
1763 1079 1837 1164 111.

413 1195 598 1303 Eugenio
617 1196 743 1280 beatae
762 1197 968 1281 memoriae
986 1222 1102 1310 papae
1120 1198 1348 1285 transsatus.
1420 1188 1439 1261 ’ἱ
1686 1218 1689 1223 ’

343 1341 382 1425 3.
412 1316 601 1428 Hugonis
620 1318 668 1398 de
687 1317 823 1402 santio
840 1317 1005 1403 Vibtore
1023 1316 1182 1402 summa
1199 1315 1503 1421 sententiatum,
1522 1319 1730 1432 imperfitt.
1765 1405 1770 1414 ,

942 1510 1157 1634 ¹CCX.
1231 1611 1236 1619 .
1295 1615 1297 1618 ,

310 1790 320 1809 '
340 1667 455 1752 Codex
470 1670 682 1757 chartaceus
695 1673 831 1784 forma
849 1672 997 1788 oblonga
1015 1678 1057 1760 in
1068 1678 1187 1788 folio„
1197 1675 1319 1790 seculo
1336 1675 1578 1789 conscriptus,
1605 1675 1649 1759 iu
1665 1705 1738 1789 quo.
1749 1702 1835 1771 cou-

282 1808 427 1875 tenetur
1141 1838 1145 1845 ’
1275 1823 1297 1853 ·’

284 1910 596 2117 Wltine1{‹‘ut·ium
613 1913 687 1999 five
704 1915 804 2000 liber
822 1945 957 2001 rerum
976 1917 1303 2003 memorabilium
1316 1858 1767 2030 WillelmilBottoner]
1778 1869 1834 2002 ⁴ile

342 2059 434 2117 orce
469 2062 522 2119 re.

337 2155 419 2237 Hic
452 2155 558 2237 codex
589 2154 802 2240 charactere
838 2159 947 2242 valde
977 2159 1149 2271 difformi
1169 2176 1368 2254 exaratur,
1407 2173 1444 2240 et
1476 2157 1840 2245 interlineatiouibue

281 2272 414 2388 ubique
422 2275 545 2385 scatet
562 2277 621 2359 ita
639 2295 684 2359 ut
699 2279 853 2362 videtur
869 2281 1135 2393 autographum
1153 2280 1295 2362 autoris
1320 2281 1362 2361 in
1384 2278 1583 2363 itineribus
1591 2281 1678 2390 suis
1696 2282 1836 2411 compi·

283 2396 426 2483 latum.-
456 2398 686 2483 occidentales
704 2418 740 2483 et
758 2399 950 2486 orientales
961 2420 1091 2514 partes
1108 2401 1216 2518 hujus
1233 2401 1343 2512 regni
1352 2401 1454 2511 saepe
1473 2401 1661 2512 visttaoit,
1679 2404 1838 2513 ecclefias

279 2536 316 2605 et
335 2518 549 2628 moruleria
574 2519 754 2631 descrrspſst
769 2521 839 2631 seu
858 2525 984 2635 potius
1004 2523 1245 2636 mensteravit,
1274 2520 1375 2605 nibil
1397 2522 1494 2607 enim
1521 2523 1671 2607 notavit
1688 2541 1838 2636 preter

279 2642 522 2754 longitudines
540 2661 575 2726 ct
593 2642 807 2726 latitudines
824 2676 913 2757 quas
924 2663 994 2755 per
1005 2647 1143 2759 graffus
1149 2650 1235 2756 suos
1252 2645 1492 2757 computavit,
1517 2664 1619 2742 etex
1633 2644 1835 2760 obituariie

279 2781 317 2847 ct
333 2763 512 2853 chronicis
525 2764 689 2876 quedam
702 2767 900 2876 excerpſst:
927 2762 1292 2878 diligentiamsacile
1305 2765 1490 2866 laudares,
1497 2758 1837 2883 judiciumubaque

186 2930 189 2937 ·
277 2887 490 2995 defiderores
500 2925 514 2983 3
536 2886 682 2997 primus
699 2888 931 2995 tamenfuit,
950 2889 1017 3000 qui
1026 2889 1209 3000 Angliam
1223 2885 1448 2998 perlustrare
1463 2887 1648 3001 aggreffus
1666 2890 1726 2994 est,
1748 2891 1839 3001 <¹st

280 3012 460 3095 maximas
477 3008 600 3095 laudes
617 3004 850 3117 affiecutusfit
865 3009 1051 3093 Lelandus
1069 3009 1232 3120 vestigiis
1250 3038 1325 3117 esus
1329 3007 1507 3117 feliciore
1519 3009 1646 3120 gradu
1661 3010 1830 3124 infflens,

278 3132 457 3215 nonnullae
475 3130 543 3240 ipſs
558 3133 750 3212 Bottonero
765 3130 953 3229 debentur,
973 3129 1040 3242 qui
1055 3132 1161 3214 viam
1178 3132 1215 3213 ei
1234 3129 1463 3238 monstravit.

334 3255 508 3340 Habetur
526 3253 567 3332 in
586 3252 654 3334 hoc
671 3251 884 3335 bibliotheca
897 3252 1181 3362 apographum*
1202 3251 1308 3361 bcq'us
1327 3250 1472 3348 codicis,
1478 3242 1549 3360 fied
1558 3267 1698 3359 parum
1702 3250 1832 3359 fidele,

279 3377 395 3460 multa
416 3375 511 3457 enim
538 3375 771 3468 omittuntur,
803 3374 920 3456 multa
943 3392 1141 3486 perperam
1170 3371 1484 3484 transcribantur,
1517 3370 1559 3453 in
1591 3371 1677 3455 locis
1707 3389 1827 3457 tanuen

277 3494 542 3608 dffcilioribus
559 3493 642 3606 usai
659 3493 724 3604 effe
735 3494 843 3604 potest
861 3496 901 3577 iu
921 3524 1016 3575 ocra
1033 3495 1180 3578 tectione
1197 3491 1410 3603 indaganda
1420 3530 1433 3588 ς
1464 3489 1505 3571 iu
1518 3489 1687 3602 sequenti
1704 3488 1830 3600 igitur

275 3617 399 3711 iudice
414 3616 546 3698 notavi
555 3616 738 3724 paginam
755 3616 877 3697 utrius
897 3615 1029 3697 codicis
1048 3614 1112 3696 ubi
1129 3643 1186 3695 res
1192 3613 1351 3723 singulae
1369 3630 1578 3707 occurrunt,
1735 3614 1737 3619 ’

335 3739 391 3820 Ν.
403 3741 448 3821 Β.
479 3743 530 3820 Ο.
546 3738 704 3848 defigunt
722 3740 875 3820 codicem
893 3737 1122 3847 originalem,
1144 3740 1194 3818 A.
1211 3734 1471 3845 apographum.
1620 3819 1623 3825 ,

332 3861 624 3970 Fragmentum
646 3859 873 3942 testamenti
893 3863 943 3942 R.
960 3861 1117 3969 Halbey
1139 3867 1187 3942 A.
1200 3862 1254 3941 D.
1276 3885 1396 3967 1453,
1425 3861 1529 3938 0.1.

333 3984 396 4063 De
416 3979 593 4064 obitibus
620 3980 884 4062 fundatorum
905 3980 1071 4063 ecclefiae
1093 3984 1130 4061 S.
1144 3978 1286 4063 Mariae
1304 3978 1529 4076 Tinternae,
1550 3978 1661 4062 etde
1682 4006 1839 4092 genero

277 4131 419 4186 eorum
439 4131 488 4186 ex
509 4102 681 4213 antiquo
700 4101 946 4198 kalendario,
975 4105 1026 4184 Ο.
1043 4131 1084 4208 4.

335 4221 559 4334 Descriptio
576 4220 745 4315 ecclefiae
764 4220 1119 4321 westmonasterii,
1150 4224 1202 4305 Ο.
1217 4247 1253 4329 ς.
1270 4225 1323 4303 Α.
1338 4245 1432 4304 221.
1656 4284 1659 4291 .

332 4351 395 4432 De
424 4345 623 4430 Fontibus
651 4343 873 4435 fluviorum
893 4349 1013 4455 Avyn
1039 4343 1264 4429 Thamefiae
1290 4343 1438 4428 Fronte
1466 4358 1508 4425 et
1533 4339 1824 4446 Castelcombe,

278 4473 331 4553 0.
344 4473 447 4553 otA.
461 4495 554 4577 2²7·

276 4703 304 4788 b
330 4595 394 4676 De
411 4590 540 4784 εὸίὶότο
557 4586 831 4702 untiquiffimo
848 4602 990 4672 vocato
1006 4585 1276 4700 Yeffandebry
1294 4583 1412 4698 super
1429 4586 1467 4670 le
1485 4584 1612 4696 Playn
1630 4583 1679 4667 de
1700 4585 1824 4671 Sales·

306 4731 386 4816 cry,
458 4761 468 4782 .
510 4761 521 4783 .
1017 4866 1020 4872 Ι
1436 4778 1439 4783 ,
1738 4807 1823 4889 De-

333 5072 458 5156 CCX.]
476 5073 538 5140 Ver.
554 5075 620 5137 Cor.
637 5071 708 5137 Lib.
724 5075 763 5134 ab
776 5072 829 5137 nl.
849 5092 898 5161 ¹3·
915 5071 1011 5140 MSS.
1023 5070 1111 5156 Aegl.
1128 5016 1330 5160 ¹⁶45-378·

327 5158 566 5245 cpmrcpbum‘]
585 5159 644 5223 via.
660 5156 718 5224 CI.
736 5178 788 5245 3¹·
810 5198 812 5202 v
1001 5214 1005 5222 .
