4214 5910
144 647 364 775 *62

956 871 1184 991 Xcm.
1336 1039 1340 1047 ⁹
1426 787 1429 794 ⁵

356 1034 475 1117 Codex
492 1035 778 1116 membranaceus
796 1030 952 1140 infolio,
973 1036 1058 1116 viz.

229 1247 234 1260 ¹
353 1156 693 1264 Martyrologium
725 1153 948 1236 Exoniense
975 1154 1245 1267 compilatum
1263 1155 1316 1263 A.
1340 1157 1395 1239 D.
1420 1183 1524 1266 1337
1552 1183 1623 1267 per
1649 1163 1846 1253 Ioannem

299 1277 600 1360 Grandisonum
639 1276 867 1388 episcopum
906 1291 946 1358 et
978 1274 1154 1384 ejusdem
1188 1274 1356 1360 ecelefiae
1392 1279 1647 1390 capitulum
1688 1289 1846 1375 continet

296 1419 427 1498 auten,
793 1450 796 1454 ·

357 1552 390 1604 1.
417 1522 717 1606 Calendarium.

348 1671 386 1727 2.
416 1644 736 1728 eonsuetudines
759 1643 846 1748 five
882 1635 1031 1722 statuta
1070 1641 1120 1723 de
1156 1640 1349 1727 ministris
1385 1641 1561 1749 ejusdem
1599 1651 1767 1735 ecclesiae
1802 1674 1844 1742 et

415 1792 555 1848 eorum
576 1765 730 1848 officiis.
1663 1767 1666 1773 ⁴

347 1903 387 1984 3.
416 1879 609 1960 Ordinale
627 1872 853 1961 celebrandi
871 1878 1003 1967 officia
1027 1872 1164 1960 divina
1187 1901 1258 1987 per
1282 1887 1419 1964 totum
1443 1903 1601 1963 annum
1619 1880 1841 1979 secundum

416 1999 533 2080 usum
555 1998 834 2081 Exoniensem·

343 2147 386 2223 4.
416 2119 758 2227 Martyrologium
779 2117 924 2229 ipsum.

344 2245 391 2323 Iu
424 2241 486 2346 isto
513 2242 779 2348 martyrologio,
815 2242 909 2352 quod
936 2240 1160 2325 venerabilis
1186 2257 1300 2350 puter
1328 2239 1501 2328 Iohannes
1531 2245 1576 2325 de
1604 2248 1840 2360 Grundiffunu

286 2366 408 2445 Eunu.
437 2363 613 2474 episcopus
639 2362 819 2472 disposuit,
849 2365 947 2447 alius
975 2364 1022 2468 est
1049 2365 1132 2447 ordo
1148 2363 1363 2472 santiorum
1392 2396 1500 2474 quam
1529 2367 1571 2446 iu
1599 2369 1688 2450 aliis
1715 2372 1837 2473 libris,

280 2486 369 2596 quia
380 2487 519 2595 semper
530 2502 782 2594 proponuntur
786 2486 926 2594 scinbii,
946 2485 989 2566 de
1007 2486 1135 2595 quibus
1141 2487 1414 2594 solemnizatur
1432 2487 1473 2568 in
1493 2488 1632 2595 ecclefia
1652 2495 1797 2574 Exou.’'

242 2722 244 2726 Α
342 2635 380 2714 5.
401 2604 592 2688 Ordinale
620 2604 844 2690 officiorum
875 2610 921 2688 B.
942 2606 1119 2716 Virginis
1145 2606 1290 2693 Mariae
1318 2606 1582 2693 dicendorum
1611 2611 1655 2694 in
1683 2617 1836 2725 capella

284 2727 457 2837 ejusdem
477 2727 642 2837 virginis
665 2731 795 2813 Exon.
815 2755 885 2838 per
904 2744 1040 2811 totum
1059 2757 1230 2814 annum.

943 2936 1174 3056 XCIV.

339 3102 453 3185 Codex
472 3101 759 3186 membranaceus
777 3101 934 3212 infolio,
948 3102 1063 3204 fhculo
1080 3100 1158 3181 xiii
1161 3098 1344 3210 scriptus,
1364 3101 1489 3216 inquo
1506 3105 1723 3206 continetur,

337 3225 552 3308 Panormia
574 3227 709 3308 lvonis
729 3223 999 3309 Carnotensm.
1329 3224 1354 3256 ⁸

334 3349 525 3454 Operculis
542 3348 645 3452 hiujus
664 3347 793 3426 codicis
811 3343 1074 3452 agglutinatur
1080 3343 1341 3452 fragmentum
1357 3345 1446 3427 MS.
1460 3348 1691 3458 perantiqui,
1710 3352 1833 3435 literis

282 3466 485 3549 uncialibus
497 3471 579 3575 stne
605 3468 680 3547 nlla
701 3494 828 3548 vocum
846 3464 1070 3575 dzytiunione
1093 3465 1259 3561 exarati,
1285 3466 1467 3548 continens
1484 3485 1633 3575 partun
1652 3469 1835 3579 cujusdam

278 3588 451 3672 homeliae.

953 3753 1154 3870 XCV.

338 3912 457 3996 Codex
474 3910 762 3992 membranaceus
780 3910 821 3990 in
830 3905 937 4013 sulio,
945 3912 1067 4021 seculo
1084 3911 1156 3992 xiv
1161 3905 1339 4018 scriptus,
1358 3907 1399 3989 iu
1418 3934 1482 4018 quo
1502 3910 1743 4011 continentur,

340 4062 378 4119 1.
405 4031 600 4114 Gulielmi
618 4030 805 4141 Tyrenfis
825 4028 997 4141 episcopi
1018 4030 1181 4113 historia
1205 4030 1391 4111 derebus
1416 4028 1533 4139 gestis
1557 4058 1581 4116 a
1600 4032 1824 4123 christianin

401 4184 475 4265 pro
495 4175 599 4237 terra
617 4153 751 4237 saniia
771 4156 1043 4262 recuperanda
1062 4171 1101 4234 et
1120 4151 1341 4234 retinenda.

331 4305 369 4360 2.
399 4276 615 4359 TraEiatus
635 4303 770 4363 rerum
789 4273 1049 4385 aphabeticus
1075 4273 1119 4356 in
1145 4301 1229 4384 quo
1247 4300 1295 4355 ex
1314 4269 1551 4356 testimoniis
1571 4291 1610 4354 et
1629 4275 1822 4389 exemplis

398 4399 661 4508 antiquorum
679 4399 731 4492 ad
748 4397 941 4489 virtutem
960 4396 1196 4480 excitamur.

1522 4514 1670 4616 XCVI.
1699 4516 1821 4601 Codex

278 4848 280 4852 ·
327 4829 469 4912 xenn]
487 4831 551 4899 Vct.
567 4831 634 4894 Cat.
650 4828 690 4894 (⁸.
708 4827 740 4893 6.
756 4825 856 4895 MSS.
871 4826 957 4910 nugi.
975 4827 1155 4914 1302-26.

329 4943 473 5028 xclv.]
490 4947 553 5014 Vn.
569 4947 636 5010 Cu.
652 4943 688 5012 P.
708 4967 721 5011 1
726 4964 756 5030 ς.
1145 4971 1147 4976 ·

330 5061 460 5148 XCV]
476 5059 538 5131 Vct.
554 5066 622 5131 Cui.
637 5061 679 5130 C.
695 5063 726 5132 8.
743 5061 840 5133 MSS.
856 5063 941 5149 Augl.
960 5080 1142 5151 1305-29i
