4214 5910
1705 662 1778 756 ²7

883 849 1117 967 XLIII.

279 1012 394 1096 codex
411 1011 691 1094 membranaceus
709 1011 989 1125 u'nfhlio‚stculo
1006 1019 1081 1096 xio
1093 1031 1276 1110 exaratus,
1298 1015 1339 1095 in
1357 1043 1421 1124 quo
1439 1017 1676 1111 continentur,

284 1161 319 1216 1.
349 1133 576 1216 Gulielmus
596 1133 918 1216 Malmburienfis
937 1136 985 1217 de
1005 1135 1261 1248 pontificibus
1281 1139 1521 1245 Anglorum.

278 1256 397 1340 Liber
415 1254 558 1369 quintus
575 1285 684 1337 mann
703 1259 879 1338 neoterica
896 1258 936 1338 in
955 1259 1093 1341 chartis
1110 1277 1280 1341 exaratus
1296 1259 1353 1368 est.

282 1405 320 1461 2.
349 1376 566 1461 Trastatus
586 1378 633 1458 de
651 1374 798 1458 vifione
816 1380 1003 1460 monachi
1022 1380 1280 1474 EveIhamiae,
1303 1386 1352 1462 A.
1370 1385 1422 1463 D.
1449 1383 1562 1489 1196.

171 1497 173 1502 ’
276 1501 346 1585 Ad
351 1500 516 1610 frontem
534 1498 640 1612 hujm
655 1504 835 1581 trablatus
843 1503 1027 1612 ftquentes
1040 1523 1139 1585 notas
1147 1505 1294 1616 scrupstt
1310 1505 1608 1612 reverendiffi'mus
1618 1503 1765 1617 prasui,

220 1624 285 1708 cui
297 1623 389 1706 bunc
405 1623 702 1737 caterosqueflre
719 1651 831 1704 omnes
847 1623 951 1730 hujus
970 1622 1185 1705 bibliotheca
1200 1625 1329 1705 codices
1347 1625 1517 1706 debemus.

275 1759 302 1796 “
326 1753 372 1832 In
393 1749 462 1830 hat
479 1747 618 1854 sabula
632 1746 798 1858 sequenti
824 1746 950 1827 videre
973 1747 1058 1828 licat
1085 1776 1191 1859 quam
1218 1745 1369 1826 libenter
1389 1746 1485 1856 paffl
1495 1746 1587 1858 stunt
1619 1749 1765 1857 majores

222 1881 250 1920 “
270 1871 379 1983 nostri
390 1872 437 1983 se
454 1870 561 1953 illudi
577 1869 686 1951 uanis
701 1867 895 1981 hujusmodi
910 1869 1099 1978 unionibus
1115 1867 1335 1982 quibusfere
1347 1868 1604 1978 praedicatores
1620 1874 1772 1982 ofistoot

220 2007 250 2043 “
269 1996 309 2078 in
328 1993 603 2105 comprobatione
620 2021 741 2073 rerum
760 2009 796 2073 et
812 1992 1048 2076 articulorum
1058 1992 1155 2106 fidei
1174 2016 1262 2106 quas
1280 1991 1504 2092 trabbabant
1522 1996 1707 2106 preterita
1724 2013 1767 2077 ut

221 2129 250 2166 ⁰‘
262 2119 462 2229 plurimum
479 2114 1191 2227 ambioritatesacrornmscripturarum.

237 2238 240 2255 '
278 2244 421 2322 “Hac
448 2239 534 2349 visto
562 2240 661 2320 tanti
687 2238 885 2322 habebatur
910 2240 1011 2351 apud
1028 2242 1178 2351 majores
1200 2241 1340 2350 nostros,
1371 2256 1414 2322 ut
1441 2239 1552 2321 etiam
1580 2239 1621 2320 in
1645 2237 1767 2321 multis

219 2370 248 2408 “
267 2362 376 2444 libris
378 2363 560 2475 scriptam
572 2364 778 2473 propagari
780 2362 993 2474 ficerunt.”

277 2495 305 2531 “
324 2486 411 2566 Non
428 2487 621 2594 incongrue
635 2484 834 2597 ascribitur
847 2485 1064 2596 bacfabula
1082 2487 1312 2570 revelationis
1324 2485 1485 2569 monacho
1499 2486 1541 2568 de
1554 2489 1764 2594 Eouefham,

223 2614 252 2654 “
269 2636 354 2690 nam
381 2606 556 2718 edificatio
586 2606 690 2717 ipstus
719 2607 872 2692 coenobii
899 2609 1048 2691 initium
1078 2610 1206 2693 babuit
1236 2639 1262 2691 a
1287 2610 1417 2720 nistone
1442 2608 1567 2720 estufin
1593 2608 1767 2716 Eguvino

222 2738 249 2776 ⁸‘
268 2730 467 2811 Wciorum
485 2729 634 2841 episcopo
644 2729 984 2840 primofundotore,
1004 2733 1069 2844 qui
1085 2734 1126 2813 in
1143 2734 1273 2815 charta
1291 2730 1332 2813 in
1345 2759 1437 2813 anno
1455 2758 1537 2839 714
1542 2730 1618 2840 fita
1628 2731 1767 2841 protes·

216 2860 250 2901 ·“
267 2867 386 2949 tatur,
402 2851 572 2965 flentium
589 2853 775 2960 virginem
794 2855 966 2935 Mariam
980 2856 1146 2964 primum
1161 2854 1306 2938 cuidam
1322 2852 1462 2963 pastori
1481 2881 1634 2960 gregum
1650 2857 1769 2937 Eoves

222 2981 250 3021 ⁸⁸
268 2992 480 3087 nuncupato,
499 2991 534 3055 et
545 2973 755 3084 posteaſsbi,
771 3003 850 3056 cum
863 2975 998 3058 duabus
1010 2978 1235 3087 virginibus,
1254 2976 1386 3058 librum
1406 2975 1447 3054 in
1465 2975 1632 3054 manibus
1643 2991 1767 3055 tenen·

222 3104 250 3140 “
267 3115 340 3179 tem
350 3095 561 3207 apparutffe,
581 3112 617 3178 et
630 3097 743 3178 locum
750 3115 821 3206 pro
838 3097 1028 3206 emflcando
1043 3099 1245 3209 monsterio
1262 3095 1444 3206 ossenbuffl,
1463 3095 1554 3175 unde
1571 3094 1632 3175 illi
1646 3121 1768 3176 nomen

222 3225 250 3262 “
268 3223 464 3326 Eooeybam
476 3216 585 3314 dedit,
600 3217 838 3301 utKenredus
847 3249 914 3301 rex
925 3222 1150 3304 Marciorum
1164 3241 1200 3305 et
1210 3218 1298 3329 Offa
1310 3249 1378 3302 ren
1390 3217 1618 3300 orientab‘um
1627 3217 1769 3328 Angla·
1897 3235 1899 3238 ’
2046 3310 2053 3321 ,

222 3348 249 3385 “
269 3371 351 3424 rum
368 3342 542 3450 testantur
557 3342 599 3423 in
616 3325 837 3454 cbartasua,
856 3344 910 3426 A.
925 3344 985 3426 D.
1006 3345 1125 3453 709.”

873 3548 1106 3671 XLIV.

275 3715 391 3798 Codex
407 3713 688 3798 membranaceus
694 3712 825 3824 forma
843 3715 1024 3826 quadrata
1042 3717 1198 3829 infolio,
1221 3732 1307 3801 ante
1323 3713 1601 3828 conquisitionem
1617 3711 1769 3822 Angba

223 3838 308 3946 (uti
323 3839 493 3939 videtur)
500 3837 676 3948 scriptus,
696 3838 784 3918 viz.
951 3858 952 3862 ‘
1748 3859 1752 3871 ¹

275 3957 509 4043 Pontificale
530 3956 815 4068 Anglicanum,
833 3991 897 4074 quo
912 3965 1149 4062 eontinentur,

282 4112 317 4167 1.
346 4080 522 4165 Prefatio
542 4079 746 4180 SaxonIca,
764 4081 863 4196 cujm
873 4105 966 4196 pars
982 4089 1144 4169 maxima
1159 4086 1385 4195 defideratur.

278 4232 317 4288 2.
347 4205 459 4287 Ordo
477 4203 540 4285 vel
557 4203 802 4285 examinatio
819 4204 862 4289 in
883 4206 1135 4291 ordinatione
1153 4203 1337 4317 episcopi.

275 4328 472 4410 Promittit
490 4325 660 4438 episcopus
677 4326 891 4410 ordinandus
900 4329 945 4440 se
954 4327 1091 4439 plebem
1108 4329 1144 4410 ei
1160 4328 1366 4438 commifflum
1385 4354 1429 4406 ex
1437 4325 1561 4436 saeris
1567 4323 1768 4435 scripturis

88 4481 90 4484 ·
221 4449 416 4550 dotburum,
443 4447 592 4559 officium
618 4446 709 4560 episc
747 4449 803 4530 ale
815 4450 981 4562 fideliter
1006 4449 1256 4563 abstenturum,
1284 4448 1429 4560 ecclesta
1454 4444 1715 4558 Dorobernenfi
1722 4445 1769 4556 se

1675 4567 1767 4678 sore

277 4868 418 4953 XLIII]
435 4868 499 4940 Vct.
515 4869 581 4933 Cot.
598 4865 640 4932 H.
661 4888 689 4934 ι.
706 4866 806 4936 MSS.
822 4866 907 4951 Angl.
925 4869 1106 4958 1359—82.

276 4975 420 5060 XLIV.]
437 4976 499 5046 Vct.
516 4978 587 5042 Gtt.
599 4972 627 5043 1.
646 4995 675 5042 1.
693 4974 787 5044 MSS.
806 4974 892 5060 nngt.
912 4977 1095 5063 1369—92.

267 5092 409 5178 mvn
426 5085 838 5166 uuLxx1x.CXLv1.
853 5081 1007 5256 CLXIg.

1013 5199 1039 5259 2
