4214 5910
273 633 375 755 406
450 642 454 651 ·
921 626 1242 727 ccccxii..¹

323 847 387 903 22.
416 815 633 900 Traiiatus
663 813 1204 907 aRicardoPremonstrensi
1223 818 1353 903 editus
1380 820 1429 902 d'e
1451 847 1605 904 canone
1632 819 1754 907 miffae
1773 843 1814 907 et

416 944 466 1063 de
494 938 723 1022 differentiis
753 940 796 1022 in
815 940 998 1056 crucibus
1018 941 1216 1065 faciendis¹
1234 961 1274 1025 et
1301 941 1483 1052 pluribus
1512 944 1599 1026 aliis
1622 943 1810 1029 faciendis

418 1061 647 1161 neceffariis,
680 1089 771 1173 quae
799 1061 847 1144 fit
873 1063 989 1148 causa
1003 1063 1150 1162 ⁴miffae,
1180 1092 1273 1176 quae
1299 1063 1534 1163 differentia,
1564 1095 1656 1178 quae
1684 1066 1809 1151 virtus

419 1184 510 1298 quis
531 1185 637 1283 finis,
659 1213 751 1295 quae
770 1185 887 1283 ratio,
908 1213 998 1296 quae
1017 1187 1182 1285 utilitas,
1207 1205 1247 1297 p.
1259 1212 1355 1295 442.

323 1337 389 1420 23.
417 1312 520 1392 Item
534 1306 756 1419 questiones
774 1309 823 1390 de
836 1308 1079 1392 sacramento
1096 1307 1230 1393 altaris
1242 1308 1386 1394 scilicet
1403 1311 1453 1393 de
1467 1336 1633 1424 corpore
1646 1310 1805 1411 Chiisti,

321 1582 386 1658 24.
416 1545 633 1636 Dominica
650 1551 778 1636 oratio
796 1552 971 1662 gloffata,
995 1573 1035 1665 p.
1049 1558 1143 1662 460.

321 1702 387 1783 25.
418 1677 654 1787 Symbolum
672 1676 942 1788 apostolorum
961 1676 1185 1786 glossatum,
1209 1674 1250 1788 p
1264 1681 1358 1786 462.

321 1802 386 1880 26.
416 1803 479 1882 De
499 1800 686 1907 decalogo
704 1816 744 1881 et
762 1800 897 1880 decem
914 1797 998 1906 ejus
1018 1799 1224 1912 preceptis,
1246 1821 1289 1910 p.
1302 1801 1397 1906 468.

252 1934 254 1939 ’
417 1925 611 2032 Praecepta
638 1925 697 2005 hic
720 1924 925 2005 recitantur
946 1953 1040 2004 more
1066 1927 1235 2018 Romano,
1256 1924 1410 2033 stcundo
1431 1925 1558 2032 priori
1581 1923 1748 2032 adjunHo
1772 1941 1804 2005 et

416 2045 546 2126 decimo
566 2048 606 2124 in
624 2046 689 2150 duo
705 2045 845 2154 Amiso:
869 2043 978 2154 gloffiz
994 2075 1080 2128 vero
1097 2048 1136 2126 in
1147 2048 1310 2156 primum
1320 2063 1541 2156 praeceptum
1556 2047 1617 2127 ita
1630 2045 1801 2157 sehabet,

418 2177 448 2215 “
469 2167 749 2249 Similimdinem
773 2169 917 2248 notavit
939 2168 1067 2278 Moyst’s
1086 2167 1191 2279 ydolo
1208 2197 1288 2277 qoae
1306 2167 1480 2249 habebant
1496 2169 1656 2278 aliquam
1669 2169 1802 2278 finili-

417 2290 621 2370 “tudinem
647 2318 726 2370 cum
752 2287 857 2369 rebus
883 2286 1109 2370 naturalibus
1131 2289 1195 2371 vel
1209 2290 1413 2401 ymaginem
1429 2290 1518 2400 solis
1544 2291 1608 2371 vel
1630 2290 1725 2370 lunae
1751 2291 1808 2371 vel

418 2422 446 2457 “
467 2413 618 2522 aequoris
635 2412 697 2492 vel
705 2411 817 2522 Jovis
830 2450 841 2506 ς
847 2412 1017 2522 sculptile
1027 2413 1177 2494 vocavit
1194 2413 1288 2493 illud
1300 2413 1393 2522 quod
1405 2411 1594 2494 voluerunt
1602 2413 1803 2521 ydoloiotrae

418 2544 445 2578 “
466 2534 662 2642 affimolare
687 2564 772 2617 vero
796 2537 878 2615 Deo
906 2552 941 2614 et
950 2534 1114 2643 fimplici
1139 2553 1175 2614 et
1200 2536 1433 2643 mnsomore,
1465 2555 1500 2614 et
1526 2534 1613 2614 talis
1639 2531 1800 2641 confioiio

418 2667 444 2703 ‘¹
465 2657 582 2738 nichil
595 2676 676 2737 erat
693 2658 733 2736 in
756 2655 880 2736 mundo
908 2656 996 2766 quio
1013 2657 1113 2738 nulla
1131 2657 1362 2765 conformatio
1388 2656 1601 2739 divinitatis
1621 2654 1800 2766 potesteffi’

416 2790 441 2826 “
457 2798 642 2860 ‘creaturae
658 2778 710 2859 od
724 2781 952 2859 creatorem.”

320 2930 384 3012 27.
414 2906 476 2985 De
497 2899 762 2984 Anti-christo
780 2899 996 2982 secundum
1016 2897 1220 3012 antiquos,
1242 2919 1283 3014 p.
1299 2927 1395 3010 473.
1526 2895 1531 2903 ’

321 3028 384 3108 28.
416 3029 476 3105 De
497 3023 606 3135 penis
627 3021 787 3131 inferni,
809 3042 851 3132 p.
864 3051 958 3133 477.

319 3175 384 3256 29.
414 3145 656 3254 Qindecim
678 3143 785 3252 figna
810 3144 963 3253 [ultimi
982 3143 1151 3254 judicii]
1182 3145 1270 3228 ibid.

319 3302 383 3380 30.
414 3271 615 3352 Parabolae
635 3273 745 3376 Mag.
761 3266 913 3349 Odonis
938 3269 1003 3376 [de
1022 3266 1230 3377 Ceritona]
1255 3268 1296 3349 in
1324 3267 1480 3373 laudem
1511 3265 1630 3376 ipsius
1659 3263 1729 3376 qui
1748 3262 1795 3345 est

416 3403 454 3474 A
474 3411 512 3474 et
530 3407 585 3487 Ω,
608 3411 648 3501 p.
664 3419 756 3498 479.

319 3543 383 3625 31·
413 3515 615 3596 Pambolae
636 3512 758 3595 sam‘ii
781 3512 981 3610 Bernardi‚
1005 3531 1046 3623 p.
1062 3540 1153 3620 521.

318 3664 385 3748 32.
416 3638 613 3741 Qaedam
634 3637 681 3715 de
701 3635 997 3746 tempestatibus
1019 3654 1058 3716 et
1078 3632 1329 3731 humoribus,
1351 3641 1425 3718 δα.
1449 3651 1489 3743 p.
1507 3661 1598 3740 529.

320 3791 384 3871 33.
415 3759 638 3842 Οοηῆἰᾶυε
672 3758 776 3839 inter
805 3760 944 3839 ducem
976 3778 1015 3838 et
1048 3757 1332 3873 philosophum
1366 3759 1414 3839 de
1448 3774 1594 3838 natura
1630 3749 1797 3836 hominis

415 3882 594 3964 humana
612 3899 652 3962 et
671 3879 979 3991 proprietatibus
1000 3879 1097 3986 ejus,
1120 3899 1162 3990 p.
1181 3909 1224 3991 53
1238 3909 1269 3960 1.

320 4036 385 4116 34.
414 4003 609 4086 Fabulosa
626 4002 788 4086 historia
808 4005 855 4085 de
875 4002 1002 4085 tribus
1020 3991 1224 4101 fratribus,
1247 3993 1289 4112 p.
1305 4003 1396 4112 578.

701 4286 705 4295 ·
817 4214 1235 4331 CCCCXLII.

320 4381 433 4463 Codex
450 4380 732 4463 membranaceus
750 4383 789 4461 in
811 4380 875 4476 8'⁰,
883 4379 999 4490 seculo
1017 4381 1090 4461 xiii
1096 4380 1270 4490 scriptus,
1292 4379 1332 4458 in
1350 4407 1414 4488 quo
1432 4379 1644 4473 continetur,

319 4504 516 4586 Alcuinus
535 4504 588 4584 'ad
607 4505 801 4585 Carolum
820 4500 1102 4612 imperatorem
1119 4502 1166 4581 de
1184 4499 1261 4582 fide
1279 4499 1502 4584 christiana.

1250 4659 1252 4661 ·
1318 4623 1665 4721 jccccxull.
1694 4617 1802 4710 Codex

322 4936 392 5022 3ο.]
411 4934 477 5001 Vide
493 4933 771 5000 CCCCLXXXI.
791 4935 839 5001 18.

319 5031 566 5114 CCCCXLII.]
584 5033 646 5101 Vet.
664 5036 728 5098 Cot.
748 5031 791 5097 O.
811 5051 860 5117 25.
882 5032 975 5098 MSS.
994 5032 1075 5114 Angl.
1096 5032 1294 5119 1493-226.
