4214 5910
853 637 1119 756 XXXVII..
1690 676 1752 778 13

263 857 471 967 Sequuntur
496 845 633 958 mgulae
654 845 708 927 ad
732 844 985 926 inveniendum
1013 861 1096 957 quot
1113 837 1205 954 stent
1227 838 1302 922 dies
1324 838 1562 950 operabiles
1543 869 1584 924 m
1608 840 1761 952 quolibet

207 978 329 1089 must,
349 993 386 1056 et
402 1001 483 1084 quae
501 969 682 1080 ocntpatio
700 967 818 1049 media
836 966 911 1049 diei
927 966 1122 1076 amficial
1105 962 1339 1074 essecundum
1356 965 1502 1045 literam
1520 965 1748 1050 dominicam.

259 1127 305 1205 ·4.
326 1096 508 1179 Tabula
526 1087 800 1176 arithmetica.

265 1247 305 1332 ς.
335 1218 460 1301 Aliud
479 1211 771 1310 kalendarium,
789 1239 887 1295 cum
906 1209 1025 1320 cyclis
1042 1207 1171 1295 tribus
1189 1208 1393 1321 eclipfium
1415 1208 1504 1292 solis
1521 1225 1563 1292 et
1581 1211 1689 1296 lunae
1707 1215 1759 1297 ab

334 1368 445 1424 anno
468 1368 574 1450 1330
587 1338 638 1420 ad
653 1362 810 1419 annum
831 1360 877 1443 13
885 1332 956 1431 86
968 1335 1192 1445 cumfiguris
1205 1335 1355 1445 depictis
1368 1335 1558 1416 earundem
1572 1365 1636 1417 ecc
1609 1335 1760 1447 lr'psmm.

266 1472 306 1552 6.
337 1464 457 1547 Liber
474 1458 666 1571 compoti,
686 1457 762 1541 five
779 1453 1009 1569 explanatio
1028 1457 1246 1542 kalendarii
1264 1454 1437 1539 verfibus
1456 1456 1708 1546 hexametris.

265 1616 306 1702 7
336 1582 584 1695 Algorismus
602 1578 757 1691 versibus
775 1579 1004 1662 hexametris.

268 1713 306 1794 8.
337 1709 507 1792 Tabulae
525 1701 800 1789 astronomica
818 1702 925 1785 etde
943 1700 1221 1813 complexione
1237 1696 1462 1812 fignorum.

268 1864 307 1945 9.
337 1829 555 1914 mactatus
575 1830 623 1910 de
641 1825 749 1925 fatie,
772 1827 926 1909 Gallice.

272 1985 334 2040 10.
364 1952 580 2038 Traitatus
596 1947 856 2062 Hippocratis
873 1970 957 2122 pro
967 1945 1271 2034 mfirmitatibus
1287 1975 1358 2061 per
1368 1947 1654 2035 astrononnam
1666 1978 1761 2065 cog·-

363 2074 582 2162 noscendis.

273 2230 336 2285 11.
366 2205 481 2282 Tous
499 2200 555 2281 les
574 2225 722 2280 noums
745 2199 812 2280 des
832 2195 989 2280 chatelx
1006 2196 1279 2305 d'Engleterre
1296 2212 1337 2278 et
1354 2195 1556 2280 ensement
1583 2194 1702 2343 abbee
1714 2214 1764 2287 et

365 2317 543 2435 ptioteez
560 2348 612 2404 cn
631 2317 800 2405 cheicun
818 2334 999 2404 countoe.

273 2470 336 2531 11.
365 2441 548 2530 Nomina
563 2442 869 2528 hundoedorum
887 2443 1075 2528 villarum
1092 2458 1136 2528 et
1157 2441 1472 2529 hamelcttomm
1488 2444 1619 2530 tocius
1633 2443 1769 2532 comi.-

365 2585 474 2652 tatus
495 2564 706 2652 Suffolciae.

276 2720 339 2802 13.
371 2696 529 2775 Statuta
547 2692 596 2774 de
615 2687 943 2774 districtionibus.

276 2843 337 2920 14.
369 2819 528 2898 statuta
544 2815 594 2897 de
613 2812 816 2896 scaccario.

232 2967 236 2975 ⁴
274 2930 676 3048 15Placitac01am
701 2931 927 3046 justicimiis
950 2931 1236 3020 itinerantibus
1264 2937 1373 3048 apud
1397 2935 1551 3021 turrim
1578 2938 1767 3023 London.

218 3090 254 3102 '⁴
374 3089 424 3167 14
442 3056 556 3144 Edw.
572 3053 629 3144 11.
1669 3101 1702 3114 ··

277 3189 339 3268 16.
370 3187 506 3282 Breve,
527 3179 643 3323 quod
658 3177 808 3265 dicitur
831 3170 981 3294 dequo
999 3195 1201 3266 warranto
1219 3182 1270 3266 ad
1286 3181 1559 3266 vicecomitem
1579 3183 1766 3267 1161111611.
1774 3254 1777 3261 .

363 3330 450 3418 quo
468 3306 689 3390 recitantur
705 3305 1009 3388 consuetudines
1027 3305 1199 3414 ejusdem
1216 3302 1400 3388 11111161.

218 3460 222 3468 ·
275 3430 338 3540 17.
368 3428 462 3513 Alia
480 3425 628 3511 brevia
660 3424 871 3513 officiarios
902 3427 1081 3512 scaccarii
1119 3443 1192 3513 aut
1221 3425 1425 3513 civitatem
1455 3430 1747 3517 nonomen

367 3571 516 3662 genna.

275 3675 339 3760 18.
369 3673 654 3759 Ordinationes
673 3668 843 3759 civitatis
864 3670 1051 3758 London.
1072 3675 1225 3757 Gallice.

275 3823 337 3908 19.
366 3791 634 3883 Proclamatio
652 3797 754 3908 regis
772 3797 821 3881 de
839 3793 995 3907 injustis
1013 3792 1328 3910 oppreffionibus
1343 3811 1389 3880 et
1407 3798 1710 3908 gravaminibus
1726 3813 1777 3883 et

371 3921 519 4033 piacita
535 3924 584 4004 de
602 3918 758 4004 eisdem.

266 4045 507 4130 ·20.Va1ew
525 4046 572 4127 ot
586 4043 741 4126 woois
731 4070 775 4127 1n
793 4044 860 4127 the
880 4045 1021 4129 several
1040 4043 1231 4128 counties
1239 4040 1289 4126 of
1302 4045 1514 4154 England'..

192 4190 198 4205 '
218 4277 226 4291 θ
370 4162 444 4249 The
460 4167 592 4277 highest
548 4156 710 4287 eprice
727 4170 758 4249 is
776 4199 802 4248 x
819 4169 896 4250 and
906 4169 966 4250 the
982 4168 1096 4276 loom
1113 4199 1141 4249 v
1159 4173 1280 4250 marks
1290 4183 1359 4275 per
1361 4168 1466 4278 sack

215 4318 222 4325 ⁶
270 4314 341 4375 11.
371 4293 455 4372 Lex
473 4280 641 4372 marisci.

275 4439 339 4497 22.
370 4410 552 4496 Nomina
573 4409 856 4495 vicecomitum
876 4409 1029 4510 Scotiae,
1058 4427 1098 4495 et
1122 4407 1278 4495 summa
1302 4347 1571 4524 6136111661
1533 4417 1773 4504 mee-comi·

372 4552 498 4619 tatus.

221 4768 227 4776 ,
276 4682 342 4771 13.
371 4655 603 4742 Ordinance
616 4682 723 4771 pout
739 4659 784 4741 le·
794 4680 985 4770 royaume
1003 4656 1104 4741 etia
1116 4655 1270 4743 maison
1289 4662 1345 4744 du
1362 4657 1436 4743 roi.

1594 4811 1660 4894 24.
1689 4792 1766 4872 Les

534 5075 536 5081 “
639 5106 642 5110 “
787 5041 1199 5190 3.]11161111111.ι.·
