4214 5910
1127 766 1130 771 .
1222 720 1225 725 ·
1745 697 1840 790 277

924 886 1208 1003 CXCIX.

347 1058 464 1139 Codex
480 1055 770 1137 membranaceus
787 1054 829 1135 in
843 1056 914 1157 4³⁰,
932 1053 1054 1137 literis
1074 1051 1450 1162 Saxonicisscriptns,
1470 1053 1512 1134 in
1530 1081 1596 1162 quo
1615 1053 1845 1138 continentur

349 1173 484 1256 Sancti
503 1171 720 1282 Augustini
739 1175 788 1254 de
806 1171 987 1254 trinitate
1006 1170 1076 1254 lib.
1093 1196 1156 1252 xv.

218 1312 235 1326 ”
347 1294 494 1398 Destino
511 1293 605 1374 libri
626 1314 738 1387 vm,
763 1312 813 1372 1x
836 1307 872 1371 et
893 1311 921 1370 x
943 1309 1084 1399 etpnrs
1102 1289 1195 1371 libri
1217 1309 1565 1387 v11,x1etxv.·

347 1414 418 1495 At
426 1415 544 1520 finem
568 1412 673 1521 hocjm
699 1411 829 1527 codicis
841 1409 935 1519 stent
956 1412 1092 1522 verfics,
1121 1411 1315 1519 exquibus
1341 1411 1383 1493 di
1397 1413 1510 1493 cimus
1536 1411 1640 1493 illum
1654 1412 1842 1521 scriptum

276 1534 396 1646 fuiffe
413 1565 438 1616 a
457 1535 606 1645 quodam
624 1532 792 1633 Iohanne,
808 1551 917 1641 gente
933 1533 1115 1628 Ceretica,
1137 1532 1289 1642 Sulgeni
1305 1534 1457 1641 episcopi
1474 1532 1693 1635 Manaverfis
1710 1553 1841 1615 cotem-

285 1675 444 1764 poraneo
462 1674 497 1738 el
516 1684 644 1737 amico.

1008 1843 1130 1957 CC.

347 2004 463 2103 &dex
480 2003 770 2087 membranaceus
788 2002 831 2083 in
850 2009 919 2106 4¹⁰,
926 1999 1048 2109 seculo
1065 2001 1126 2083 xii
1143 2003 1303 2100 exeunti,
1330 2003 1486 2085 vel'xiei
1503 2003 1650 2087 ineunti
1659 2002 1840 2116 scriptus,

292 2123 334 2206 in
351 2154 417 2235 quo
435 2125 644 2208 continetur
1774 2161 1777 2165 ⁴

347 2243 578 2327 Baldwinus
600 2241 918 2355 archiepiscopus
934 2240 1230 2327 Cantuariensts
1250 2243 1299 2325 de
1319 2242 1573 2328 inestimabili
1594 2242 1841 2328 sacramento

294 2363 442 2447 altaris.

346 2487 413 2567 De
439 2486 502 2567 hoc
525 2485 641 2568 codice
652 2483 713 2588 fic
726 2486 878 2593 scripfit
896 2487 1112 2567 Perkerus:
1145 2484 1271 2567 “Hic
1288 2483 1383 2566 liber
1402 2487 1577 2595 proprius
1599 2488 1705 2570 codex
1725 2484 1843 2568 Ball-

293 2616 321 2654 “
341 2607 439 2688 wini
457 2607 625 2716 scriptus
658 2636 769 2685 manu
791 2607 867 2714 sna
899 2607 984 2687 dnm
1016 2625 1100 2688 erat
1132 2607 1413 2717 archiepiscopus
1447 2610 1730 2717 Cantaurierfis,
1765 2626 1844 2690 lam

295 2737 322 2776 “
342 2746 515 2810 accurate
547 2745 590 2809 nt
620 2727 692 2808 vix
724 2729 880 2833 reperies
911 2726 1075 2838 aliquam
1107 2727 1268 2809 mendam
1305 2735 1505 2834 (quonlam
1537 2727 1844 2838 adscriptionem

294 2858 322 2895 “
341 2850 500 2949 attinet)
517 2867 588 2958 per
605 2866 718 2929 totum
737 2846 885 2927 librum.
942 2845 1290 2956 Quamvissortaffe
1308 2849 1361 2928 ad
1375 2849 1593 2930 ornatiorem
1609 2848 1845 2957 scripturam

296 2981 322 3017 “
343 2971 547 3080 aliquorum
562 2968 977 3077 verstcnmstcppletiostt
984 2989 1055 3077 per
1068 2969 1216 3050 literam
1224 2971 1555 3078 punllosuppofito‚
1577 2989 1619 3052 nt
1626 2989 1697 3079 per
1709 2968 1846 3051 librum

297 3101 324 3139 ‘⁴
341 3093 532 3202 aliquoties
549 3091 678 3171 videre
696 3088 793 3169 licet.
851 3093 949 3170 Ecce
966 3091 1198 3197 diligentiam
1210 3093 1250 3170 !”

349 3215 481 3323 Nescio
509 3240 583 3322 que
600 3210 802 3290 autoritate
815 3208 946 3315 fretus
970 3209 1047 3290 hac
1074 3211 1175 3291 dixit
1201 3211 1268 3290 vir
1296 3209 1615 3316 reuerendiffimus,
1643 3240 1722 3292 cum
1750 3209 1845 3290 enim

238 3386 244 3393 -
295 3334 338 3415 de
374 3363 464 3414 novo
495 3332 628 3441 paucis
661 3328 795 3411 abhinc
830 3330 937 3410 annis
968 3330 1296 3438 'compingebantur
1332 3328 1464 3411 codices
1501 3328 1626 3436 nostri,
1672 3330 1845 3441 opereulis

294 3455 489 3564 bibliopegi
506 3452 655 3533 incuria
674 3449 825 3558 abjellis
843 3450 960 3532 mulla
979 3451 1176 3559 btq'tesmodi
1199 3451 1342 3533 indicia
1358 3453 1565 3558 perierunt.
1625 3455 1699 3535 Set
1710 3453 1845 3562 forsan

295 3577 380 3659 huic
397 3575 559 3685 opinioni
572 3574 697 3680 orestem
708 3569 1150 3681 praebueruntstquentio
1168 3576 1285 3656 verbo
1302 3573 1415 3653 minio
1434 3574 1475 3654 in
1495 3570 1845 3682 codicesubnotata:

298 3709 326 3746 ‘⁸
345 3700 479 3781 Verum
496 3725 576 3778 cum
594 3696 778 3775 autoritas
796 3711 864 3773 tua
891 3723 945 3773 me
966 3713 1150 3800 premeret
1170 3715 1210 3777 nt
1228 3697 1271 3776 de
1289 3693 1524 3797 inestimabili
1534 3693 1724 3803 stccristcio
1742 3692 1848 3773 veri·

297 3829 324 3865 “
343 3820 436 3900 tatis
454 3818 580 3924 aliqua
587 3813 785 3925 scribenda
801 3813 1014 3895 de'tlitarem
1034 3833 1069 3895 et
1087 3816 1460 3922 dil'lotoscriberenl’
1478 3858 1535 3876 -
1548 3816 1710 3895 Minime
1726 3832 1848 3895 tamen

295 3939 425 4022 exhinc
430 3937 606 4049 sequitur
623 3933 774 4014 codicem
786 3935 946 4040 propria
963 3964 1074 4015 manu
1094 3936 1289 4017 Boldwini
1300 3932 1419 4044 fuiss}
1432 3934 1641 4045 scriptum
1670 3964 1715 4014 ex
1732 3931 1849 4014 coelice

297 4062 393 4143 enim
430 4055 652 4168 autographo
690 4054 731 4136 in
765 4054 886 4136 omnia
909 4057 1105 4164 sequentia
1137 4058 1360 4165 exemplaria
1392 4054 1588 4164 nccefficria
1626 4051 1848 4163 transcribe-

297 4183 436 4266 bantur
476 4181 553 4262 hacc
596 4176 736 4271 verba3
788 4190 961 4282 preterea
1007 4206 1053 4254 ex
1098 4178 1240 4284 epistola
1286 4176 1555 4285 nuncupatoria
1590 4175 1691 4283 satis
1736 4174 1850 4283 liquet

297 4300 538 4384 Baldwinum
584 4297 702 4379 adbuc
746 4295 953 4376 monachum
982 4292 1101 4401 suiſje
1143 4298 1351 4400 Fordensem
1392 4294 1532 4407 quondo
1574 4293 1650 4375 hnc
1682 4295 1848 4403 scripfil,

298 4423 405 4505 codex
427 4442 548 4505 tomen
578 4415 690 4525 noster
714 4416 863 4526 effigiem
888 4416 963 4525 ejus
988 4414 1096 4495 babet
1122 4416 1214 4519 velli
1233 4418 1439 4527 pontificali
1464 4434 1500 4498 et
1521 4414 1639 4523 pollio
1667 4415 1853 4619 iamim)

1805 4566 1824 4618 e

357 4874 533 4958 CXCIX]
550 4874 613 4943 Vel.
630 4874 697 4938 Cot.
714 4869 759 4934 N.
778 4888 809 4953 ς.
829 4868 923 4933 MSS.
939 4869 1024 4952 Angl.
1045 4870 1244 4956 1446-1bq.

357 4988 448 5072 CC.]
462 4984 527 5058 Va.
543 4987 609 5053 Cot.
626 4980 669 5044 V.
688 5002 718 5067 3.
732 4980 826 5047 MSS.
845 4979 929 5064 Aegl.
950 4979 1138 5068 1569··302.

344 5098 448 5184 αλ]
464 5097 534 5170 Vult
547 5089 768 5164 CCCXXXI.
789 5113 817 5159 1.
