4214 5910
274 704 419 796 424,
821 638 829 650 ’
870 667 1272 767 cccctxxvn

213 828 223 849 ⁸
297 924 303 931 .
326 885 364 937 2-
394 852 572 936 Annales
593 849 752 960 Angliae
771 879 793 933 a
815 872 945 937 morte
964 850 1150 935 Edwardi
1170 848 1399 941 confessoris
1418 853 1467 933 ad
1488 876 1642 935 annum
1666 877 1784 960 1274.

326 1006 364 1085 3.
394 971 622 1054 Prosecutio
642 970 749 1055 fasta
778 988 960 1083 tempore
987 971 1144 1054 domiui
1165 968 1359 1053 Iohannis
1384 973 1434 1053 de
1454 973 1633 1056 Gisortio
1653 972 1815 1078 maioris

389 1094 566 1177 London
588 1120 658 1204 per
678 1093 899 1199 Hugonem
919 1092 968 1174 de
988 1090 1200 1174 Waltham
1220 1088 1408 1174 clericum
1429 1119 1564 1175 coram
1595 1093 1815 1175 baronibus

391 1216 440 1294 de
460 1211 652 1298 scaccario
671 1214 720 1295 ad
740 1214 1042 1295 exonerandum
1056 1210 1158 1294 cives
1178 1230 1218 1293 et
1237 1209 1487 1296 vicecomites
1508 1212 1625 1295 dietae
1643 1210 1814 1295 civitatis

394 1336 442 1413 de
467 1356 494 1413 v
519 1332 661 1416 marcis
682 1332 828 1415 annuis
849 1331 996 1414 errastis
1026 1332 1068 1415 in
1091 1331 1186 1444 pipa
1207 1331 1312 1415 inter
1571 1333 1619 1413 de
1638 1334 1814 1440 quodam

390 1451 607 1559 messuagio
624 1452 733 1560 quod
749 1454 832 1537 Leo
852 1450 993 1554 iudeus
1009 1449 1142 1532 tenuit
1159 1470 1198 1531 et
1216 1450 1327 1560 quod
1346 1448 1421 1529 suit
1439 1450 1610 1531 Martini
1625 1453 1674 1530 de
1689 1451 1812 1556 Vitby

392 1569 435 1650 in
455 1569 687 1674 Melkstrete
702 1586 741 1650 et
760 1571 810 1649 de
828 1569 1112 1651 exoneratione
1135 1591 1191 1650 ce
1209 1571 1278 1649 lib.
1298 1569 1346 1648 de
1367 1568 1597 1676 artearagiis
1612 1567 1810 1650 distarem

394 1711 424 1769 v
446 1717 686 1771 marcarum.

320 1837 360 1914 4.
391 1810 541 1891 Modus
563 1826 602 1891 et
622 1811 721 1892 ordo
740 1811 789 1901 de
808 1807 950 1891 itinere
968 1808 1280 1914 justiciariorum
1297 1806 1455 1891 domini
1476 1807 1577 1917 regis
1599 1809 1650 1889 ad
1671 1805 1810 1911 turrim

391 1932 581 2012 London.

390 2051 470 2131 Hic
487 2049 667 2131 habentur
685 2051 775 2156 leges
789 2069 823 2130 et
843 2048 1103 2158 corrsttetudines
1117 2049 1346 2160 observandae
1360 2049 1467 2157 irffra
1479 2049 1702 2157 praedt'ssam
1716 2047 1811 2128 civi·

389 2188 503 2252 tatem
522 2170 563 2251 in
576 2170 730 2278 placitis
750 2197 900 2249 coronae.

324 2316 361 2397 ς.
392 2292 548 2396 Magna
569 2290 707 2370 charta
726 2287 963 2370 confirmata
986 2315 1009 2389 9
1028 2291 1122 2369 Hen
1139 2291 1211 2370 111.

323 2414 360 2489 ὁ.
392 2408 597 2490 Sententia
610 2408 1039 2501 excommunicationis
1059 2409 1324 2520 pronuntiata
1344 2408 1385 2490 in
1405 2409 1559 2520 eosqui
1578 2409 1809 2492 hancchat·

390 2545 475 2611 tam
498 2527 746 2610 violaverint.

322 2679 361 2762 7.
391 2653 514 2732 Carta
534 2648 702 2730 Henrici
716 2652 789 2730 111.
810 2646 987 2732 concessa
1005 2647 1156 2732 civibus
1177 2650 1352 2733 London
1373 2680 1482 2734 anno
1504 2651 1615 2756 regni
1643 2665 1693 2733 1⁰.

324 2775 361 2856 8.
390 2775 512 2853 Carta
528 2766 628 2876 regis
645 2769 808 2850 Ioannis
822 2772 872 2850 de
891 2765 1173 2853 vicecomitatu
1188 2774 1361 2855 Loudon
1378 2792 1417 2854 et
1433 2772 1653 2855 Middlesex
1672 2774 1809 2860 eisdem

299 2886 305 2895 ’
390 2888 580 2982 concessa,
601 2914 710 2968 anno
730 2889 842 2996 regni
864 2900 918 2987 71⁰.

322 3043 361 3119 9.
391 3015 513 3091 Carta
529 3006 691 3087 Ricardi
711 3006 812 3115 regis
833 3009 881 3087 de
901 3004 1150 3088 libertatibus
1170 3005 1318 3089 civium
1340 3009 1471 3092 Lond.
1493 3038 1602 3091 anno
1617 3011 1730 3121 regni
1749 3023 1810 3121 5‘0.

328 3161 390 3212 10.
420 3134 543 3212 Carta
577 3125 740 3207 Ioannis
772 3125 872 3235 regis
907 3127 955 3206 de
988 3125 1155 3236 kydellis
1191 3128 1233 3209 in
1264 3128 1478 3212 Thamesru
1511 3148 1552 3212 et
1582 3133 1811 3245 Medeweya

419 3246 651 3331 amovendis
672 3273 781 3326 anuo
802 3245 913 3354 regni
940 3259 989 3327 1⁰.
1328 3334 1333 3341 ,

329 3403 389 3454 11.
420 3375 543 3454 Carta
565 3365 733 3448 chrici
750 3369 821 3447 Ill.
844 3369 957 3475 quod
986 3368 1155 3449 barones
1175 3367 1345 3450 civitatis
1366 3371 1541 3449 London
1567 3371 1691 3479 gratis
1712 3372 1810 3456 sece-

420 3510 516 3574 runt
547 3485 749 3568 servitium
779 3489 827 3567 de
856 3485 1055 3568 sutellaria
1085 3487 1127 3568 in
1155 3488 1308 3598 nuptiis
1339 3488 1501 3570 Ricardi
1526 3492 1685 3574 comitis
1714 3497 1812 3578 Cor·

421 3613 556 3692 nubiae
575 3629 613 3690 et
635 3637 719 3689 non
739 3637 786 3689 ex
806 3609 943 3719 aliquo
962 3610 1098 3690 debito
1117 3638 1226 3691 anno
1247 3609 1357 3716 regni
1380 3609 1462 3691 28⁰.

329 3760 390 3816 12.
419 3737 539 3815 Carta
560 3727 668 3837 regia
688 3731 736 3809 de
756 3730 953 3811 comitatu
974 3728 1194 3812 Middlesex
1213 3731 1365 3814 civibus
1386 3734 1561 3814 London
1584 3735 1633 3816 ad
1654 3734 1810 3821 firmam

421 3854 517 3932 dato
535 3878 608 3960 pro
633 3870 719 3929 ccc
741 3848 811 3930 lib.
831 3854 905 3931 &o
1041 3952 1043 3957 ,

331 4004 393 4085 1-3.
423 3975 545 4054 Carta
564 3967 672 4076 regia
690 3970 738 4050 de
757 3968 1008 4053 libertatibus
1028 3968 1197 4053 civitatis
1218 3972 1407 4053 London.
1446 3973 1450 3982 ’

330 4123 392 4201 14.
421 4088 688 4198 Exceptiones
727 4118 826 4197 quas
864 4089 1070 4197 justiciarii
1111 4091 1407 4202 proposuerunt
1445 4088 1597 4173 civibus
1638 4096 1812 4181 London

419 4211 535 4320 supet
564 4206 718 4317 placitis
745 4237 792 4291 10
811 4212 919 4293 Hen.
936 4214 1010 4291 ΙΙΙ.
1041 4228 1080 4292 et
1109 4209 1375 4322 responsiones
1396 4214 1616 4294 eorundem
1649 4213 1810 4325 singulis

421 4327 735 4439 exceptionibus

328 4481 386 4562 15.
414 4446 629 4532 Ordinatio
650 4448 833 4532 Edwardi
849 4453 881 4530 1.
901 4466 1042 4530 contra
1062 4448 1229 4532 selonias
1252 4477 1361 4531 anno
1382 4449 1494 4556 regni
1516 4449 1598 4546 28⁰,
1628 4455 1784 4538 Gallice.

330 4578 390 4657 16.
422 4577 547 4678 Leges
577 4589 617 4650 et
655 4567 854 4653 libertates
891 4568 1076 4653 concessae
1110 4598 1134 4652 a
1164 4570 1373 4652 Willelmo
1404 4573 1677 4680 Conquestore
1706 4604 1812 4660 anno

419 4692 530 4804 regni
551 4701 620 4797 4‘0.

1311 4915 1664 4998 CCCCLXXVII.
1696 4918 1810 5000 Codex
