4214 5910
297 840 339 947 p.
365 832 594 945 Catalogus·
611 831 797 918 omniurn
823 834 1065 946 pontificum
1086 841 1368 924 Romanorum
1388 853 1428 922 et
1449 839 1635 926 omnium
1659 838 1790 953 impe<

366 975 548 1042 satorum
568 960 619 1040 ad
638 957 924 1048 Innocentium
942 957 999 1042 iii.

302 1107 364 1161 10.
394 1083 458 1162 De
476 1077 634 1186 synodis
653 1077 878 1161 nonnullis.

304 1226 366 1282 11.
396 1197 599 1282 Chronica
627 1198 922 1311 imperatorum
942 1204 1225 1285 Romanorum
1254 1205 1304 1286 ad
1324 1231 1478 1289 annum
1503 1203 1622 1314 1308,
1650 1220 1790 1289 autore

398 1322 582 1405 Martino
601 1325 770 1406 Polono.

303 1469 365 1530 12.
395 1441 519 1526 Liber.
535 1441 738 1526 Methodii
760 1443 1015 1553 [Paterensrs]
1036 1444 1227 1556 martyris»
1240 1447 1288 1528 de
1315 1443 1513 1559 principio
1533 1445 1652 1529 seculi
1671 1461 1721 1530 et
1737 1445 1788 1529 de

399 1562 532 1673 regnis
552 1561 735 1672 gentium
756 1580 796 1644 et
815 1561 896 1644 fine
915 1562 1151 1646 seculorum.

304 1712 366 1794 13.
396 1685 502 1766 Beda
520 1685 569 1765 de
588 1681 664 1766 srtu
684 1679 917 1781 Britanniae,
933 1729 987 1749 -
1002 1684 1302 1771 commendatio
1320 1684 1494 1794 ejusdem
1511 1733 1568 1752 -
1581 1702 1622 1770 et
1640 1688 1690 1770 de
1708 1685 1800 1770 mi·-

395 1805 588 1890 rabilibus
608 1804 706 1909 ejus.

305 1956 368 2036 14.
396 1928 575 2013 Annales
594 1927 643 2008 de
660 1922 776 2034 gestis
796 1922 1027 2026 Britonum,
1048 1931 1267 2027 Saxonum,
1284 1927 1502 2014 Danorum
1521 1947 1562 2014 et
1579 1931 1800 2015 Norman-

393 2075 558 2146 norum,
575 2046 732 2155 definunt
752 2046 793 2130 in
811 2076 906 2130 anno
930 2052 1047 2135 1216.

307 2201 322 2255 1
331 2200 369 2284 ς.
398 2173 492 2260 Alia
517 2170 709 2255 chronica
733 2170 955 2255 brevilsrma
981 2201 1006 2255 a
1029 2192 1210 2285 tempore
1236 2173 1431 2256 adventus
1451 2175 1800 2266 Normanno'rum

246 2293 290 2381 in
310 2294 504 2404 Angliam
523 2293 574 2380 ad
593 2320 748 2377 annum
774 2317 889 2398 1²4²·

302 2417 398 2497 Hac
415 2413 586 2496 chronico
610 2413 846 2522 ascribuntur
871 2414 1014 2498 Thema
1033 2413 1360 2498 Wickes-conom'co
1383 2414 1426 2496 de
1445 2415 1579 2527 Osneye.
1597 2448 1623 2499 o
1647 2421 1812 2530 quodam¹

247 2537 435 2633 neoterico,
462 2537 612 2618 minime
638 2552 760 2618 tomen
786 2538 1002 2619 concordant
1025 2565 1105 2620 cum
1130 2537 1181 2617 eis
1204 2567 1230 2618 a
1247 2535 1302 2618 cl.
1323 2538 1418 2618 Gale
1430 2538 1504 2643 fieb
1527 2542 1667 2622 nomine
1692 2543 1811 2652 bies‘uc

249 2659 392 2741 autoris
414 2658 593 2754 editis,‚et
613 2658 736 2768 potius
754 2687 799 2739 ex
811 2658 1010 2769 frequenti
1028 2657 1202 2741 mentione
1220 2656 1370 2739 cenobii
1389 2662 1625 2765 Mertonerfis
1645 2664 1687 2746 in
1705 2668 1812 2776 ogre»

248 2780 445 2887 Surrienst,
465 2777 609 2861 cuidam
627 2779 702 2888 ejus
720 2778 789 2860 loci
806 2779 972 2862 monacho
989 2777 1201 2890 ascribendo
1218 2776 1419 2860 videntur.

310 2903 384 2986 16..
401 2902 478 2982 Les
498 2899 656 2989 services
677 2929 727 3012 qe
746 2902 801 2983 les
832 2901 1007 2985 barouns
1033 2899 1101 3001 des
1121 2898 1402 3012 Cynk-portes.
1415 2896 1574 2984 deivent
1593 2929 1647 2984 au
1668 2903 1729 2989 roi
1748 2908 1798 2987 de
1806 2948 1814 2984 .-

403 3050 457 3105 an
477 3050 599 3105 enan
619 3047 689 3129 par
709 3049 817 3104 meet
836 3019 864 3102 fi
885 3022 1026 3104 mester
1045 3020 1112 3103 est.

313 3175 374 3256 1³7·
404 3148 468 3229 De
486 3145 634 3228 wardis
648 3143 761 3226 castri
780 3148 945 3227 Dover..

314 3271 374 3353 18.
405 3264 674 3350 Confirmatio
698 3292 856 3374 magnae
876 3264 1024 3347 chartae
1049 3289 1072 3345 a
1090 3288 1180 3373 rege
1202 3259 1383 3343 Henrico
1402 3261 1554 3344 Ill.sub
1579 3260 1698 3348 initio
1717 3263 1843 3376 ejus-⁵

406 3387 519 3496 regni
539 3386 672 3470 fasta..
1350 3414 1353 3421 ·

315 3539 376 3619 19,
405 3513 528 3598 Carta
546 3509 594 3590 de
614 3505 767 3594 forestis
789 3503 1115 3614 ejusdemregis..

202 3718 205 3723 ,
311 3663 376 3721 2ο.
406 3629 610 3714 Sententia
630 3632 875 3739 prelatorum
897 3656 973 3739 pro
992 3655 1089 3738 pace
1109 3622 1218 3736 regni
1238 3642 1277 3706 et
1296 3621 1478 3706 libertate
1495 3625 1674 3727 ecclesiae,
1695 3658 1805 3717 anno
1818 3686 1822 3698 .-

416 3779 548 3862 1²5·3··

312 3905 376 3962 21.
405 3875 584 3986 Epistola
600 3871 826 3956 Innocentii
848 3899 960 3982 papae
979 3871 1028 3953 ad
1044 3865 1357 3979 archiepiscopos
1374 3888 1413 3950 et
1428 3869 1629 3981 episcopos
1646 3873 1816 3984 Angliae.

406 4025 481 4110 pro
507 3994 819 4084 confirmatione
842 3995 1046 4079 literarum
1071 3994 1220 4078 abillis
1235 3990 1446 4074 'editarum
1467 3993 1515 4073 de
1535 3993 1652 4076 cartis
1672 4022 1807 4105 prece-

408 4119 609 4203 dentibus.

315 4270 379 4334 22.
407 4246 514 4325 Duae
550 4239 675 4323 Bullce
715 4235 933 4321 Alexandri
971 4262 1090 4347 papae
1130 4263 1206 4344 pro
1243 4234 1551 4319 confirmatione
1590 4241 1825 4326 earundem.

569 4386 624 4440 m.

317 4487 343 4524 “
366 4377 643 4556 Miinrotsciirldnm
662 4467 756 4579 qnod
768 4484 843 4549 tres
855 4464 1036 4576 predidlae
1054 4465 1174 4546 lnerae
1191 4462 1341 4546 bullata
1359 4466 1400 4548 in
1419 4466 1574 4576 castodia
1591 4470 1834 4555 venerabilis·

264 4613 292 4654 u
307 4596 436 4710 patris
455 4593 669 4688 Laurentii
683 4586 852 4706 Roffi'efis
872 4587 1033 4703 episcopi,
1054 4588 1119 4702 qni
1137 4615 1195 4668 eos
1213 4588 1446 4694 impetravit,
1466 4595 1750 4698 remorffernntss’

1061 4753 1064 4757 ι
1592 4740 1657 4822 23.
1688 4717 1822 4799 Bulla..

254 4886 1808 4926 mmm——

323 4989 391 5071 ιι]
410 4988 479 5059 Viae
492 5005 523 5069 4·
542 4983 698 5051 CXCIV·
715 5003 747 5066 s·
764 4977 994 5052 ccccxxu.
1016 5000 1044 5043 1.
1058 4975 1329 5046 ,ccccxxvm
1345 4999 1374 5062 4.
1392 5000 1444 5067 5„

323 5075 974 5183 12.]eoncxv1.2o.ce1.xxxvu1
994 5095 1043 5144 10.
1060 5074 1242 5142 eccetv.
1260 5096 1310 5146 ι.»
