<?xml version="1.0" encoding="UTF-8"?>
<!DOCTYPE html PUBLIC "-//W3C//DTD XHTML 1.0 Transitional//EN"
    "http://www.w3.org/TR/xhtml1/DTD/xhtml1-transitional.dtd">
<html xmlns="http://www.w3.org/1999/xhtml" xml:lang="en" lang="en">
 <head>
  <title>
</title>
<meta http-equiv="Content-Type" content="text/html;charset=utf-8" />
  <meta name='ocr-system' content='tesseract 3.04.00' />
  <meta name='ocr-capabilities' content='ocr_page ocr_carea ocr_par ocr_line ocrx_word'/>
</head>
<body>
  <div class='ocr_page' id='page_1' title='image "./cataloguslibror00librgoog_0063.png"; bbox 0 0 4214 5910; ppageno 0'>
   <div class='ocr_carea' id='block_1_1' title="bbox 372 581 1242 737">
    <p class='ocr_par' dir='ltr' id='par_1_1' title="bbox 372 581 1242 737">
     <span class='ocr_line' id='line_1_1' title="bbox 372 581 1242 737; baseline -0.015 -29"><span class='ocrx_word' id='word_1_1' title='bbox 372 616 439 737; x_wconf 85' lang='lat'>46</span> <span class='ocrx_word' id='word_1_2' title='bbox 785 581 788 587; x_wconf 27' lang='lat'>¹</span> <span class='ocrx_word' id='word_1_3' title='bbox 1063 594 1242 699; x_wconf 81' lang='lat' dir='ltr'><strong>LXVI.</strong></span> 
     </span>
    </p>
   </div>
   <div class='ocr_carea' id='block_1_2' title="bbox 315 784 2000 2629">
    <p class='ocr_par' dir='ltr' id='par_1_2' title="bbox 315 784 2000 2629">
     <span class='ocr_line' id='line_1_2' title="bbox 434 784 1482 914; baseline -0.02 -25"><span class='ocrx_word' id='word_1_4' title='bbox 434 830 498 914; x_wconf 83' lang='lat'><strong>17.</strong></span> <span class='ocrx_word' id='word_1_5' title='bbox 525 797 589 884; x_wconf 80' lang='lat' dir='ltr'>D&#39;e</span> <span class='ocrx_word' id='word_1_6' title='bbox 606 796 747 880; x_wconf 87' lang='lat' dir='ltr'>arbore</span> <span class='ocrx_word' id='word_1_7' title='bbox 766 791 857 876; x_wconf 77' lang='lat' dir='ltr'>vitto</span> <span class='ocrx_word' id='word_1_8' title='bbox 876 790 918 876; x_wconf 91' lang='lat' dir='ltr'>in</span> <span class='ocrx_word' id='word_1_9' title='bbox 936 789 1128 904; x_wconf 71' lang='lat' dir='ltr'>paradiso,</span> <span class='ocrx_word' id='word_1_10' title='bbox 1148 784 1482 903; x_wconf 67' lang='lat' dir='ltr'>hostoriofttbuspsa.</span> 
     </span>
     <span class='ocr_line' id='line_1_3' title="bbox 436 915 1122 1009; baseline -0.02 0"><span class='ocrx_word' id='word_1_11' title='bbox 436 928 497 1009; x_wconf 87' lang='lat'>18.</span> <span class='ocrx_word' id='word_1_12' title='bbox 525 921 668 1004; x_wconf 85' lang='lat' dir='ltr'>Versus</span> <span class='ocrx_word' id='word_1_13' title='bbox 688 915 832 1000; x_wconf 83' lang='lat' dir='ltr'>Gallici</span> <span class='ocrx_word' id='word_1_14' title='bbox 847 917 897 999; x_wconf 86' lang='lat' dir='ltr'>de</span> <span class='ocrx_word' id='word_1_15' title='bbox 912 915 1048 997; x_wconf 84' lang='lat' dir='ltr'>eadent</span> <span class='ocrx_word' id='word_1_16' title='bbox 1068 939 1122 996; x_wconf 84' lang='lat' dir='ltr'>te.</span> 
     </span>
     <span class='ocr_line' id='line_1_4' title="bbox 439 1034 1254 1156; baseline -0.021 -24"><span class='ocrx_word' id='word_1_17' title='bbox 439 1078 499 1156; x_wconf 90' lang='lat'>19.</span> <span class='ocrx_word' id='word_1_18' title='bbox 529 1042 750 1155; x_wconf 86' lang='lat' dir='ltr'>Descriptio</span> <span class='ocrx_word' id='word_1_19' title='bbox 768 1058 881 1123; x_wconf 77' lang='lat' dir='ltr'>terra</span> <span class='ocrx_word' id='word_1_20' title='bbox 900 1036 1139 1148; x_wconf 70' lang='lat' dir='ltr'>sanslae,fos.</span> <span class='ocrx_word' id='word_1_21' title='bbox 1163 1034 1254 1119; x_wconf 88' lang='lat'><strong>228.</strong></span> 
     </span>
     <span class='ocr_line' id='line_1_5' title="bbox 315 1146 1837 1268; baseline -0.014 -11"><span class='ocrx_word' id='word_1_22' title='bbox 315 1250 321 1257; x_wconf 86' lang='lat'><strong>.</strong></span> <span class='ocrx_word' id='word_1_23' title='bbox 434 1196 499 1254; x_wconf 79' lang='lat'><strong>20‘.</strong></span> <span class='ocrx_word' id='word_1_24' title='bbox 528 1173 592 1252; x_wconf 88' lang='lat' dir='ltr'>De</span> <span class='ocrx_word' id='word_1_25' title='bbox 612 1167 686 1249; x_wconf 89' lang='lat' dir='ltr'>srtu</span> <span class='ocrx_word' id='word_1_26' title='bbox 706 1183 819 1247; x_wconf 85' lang='lat' dir='ltr'>terrae</span> <span class='ocrx_word' id='word_1_27' title='bbox 838 1157 1161 1244; x_wconf 72' lang='lat' dir='ltr'>ierosolimitana</span> <span class='ocrx_word' id='word_1_28' title='bbox 1180 1146 1397 1242; x_wconf 76' lang='lat' dir='ltr'>secundum</span> <span class='ocrx_word' id='word_1_29' title='bbox 1417 1155 1577 1253; x_wconf 84' lang='lat' dir='ltr'>Bedam,</span> <span class='ocrx_word' id='word_1_30' title='bbox 1585 1153 1661 1268; x_wconf 85' lang='lat' dir='ltr'>sol.</span> <span class='ocrx_word' id='word_1_31' title='bbox 1683 1177 1705 1233; x_wconf 92' lang='lat'><strong>2</strong></span> <span class='ocrx_word' id='word_1_32' title='bbox 1711 1180 1776 1264; x_wconf 84' lang='lat'><strong>30.</strong></span> <span class='ocrx_word' id='word_1_33' title='bbox 1834 1218 1837 1224; x_wconf 52' lang='grc'>,</span> 
     </span>
     <span class='ocr_line' id='line_1_6' title="bbox 434 1279 1312 1377; baseline -0.014 -1"><span class='ocrx_word' id='word_1_34' title='bbox 434 1320 500 1376; x_wconf 87' lang='lat'><strong>21.</strong></span> <span class='ocrx_word' id='word_1_35' title='bbox 528 1295 591 1376; x_wconf 84' lang='lat' dir='ltr'>De</span> <span class='ocrx_word' id='word_1_36' title='bbox 609 1291 698 1372; x_wconf 87' lang='lat' dir='ltr'>loco</span> <span class='ocrx_word' id='word_1_37' title='bbox 716 1283 938 1374; x_wconf 84' lang='lat' dir='ltr'>Dominicae</span> <span class='ocrx_word' id='word_1_38' title='bbox 957 1279 1203 1377; x_wconf 83' lang='lat' dir='ltr'>ascenfionis,</span> <span class='ocrx_word' id='word_1_39' title='bbox 1221 1280 1312 1364; x_wconf 82' lang='lat' dir='ltr'>ibid.</span> 
     </span>
     <span class='ocr_line' id='line_1_7' title="bbox 434 1404 1309 1514; baseline -0.014 -15"><span class='ocrx_word' id='word_1_40' title='bbox 434 1443 499 1500; x_wconf 89' lang='lat'><strong>22.</strong></span> <span class='ocrx_word' id='word_1_41' title='bbox 528 1418 592 1497; x_wconf 88' lang='lat' dir='ltr'>De</span> <span class='ocrx_word' id='word_1_42' title='bbox 608 1430 701 1494; x_wconf 87' lang='lat' dir='ltr'>ortu</span> <span class='ocrx_word' id='word_1_43' title='bbox 720 1406 838 1493; x_wconf 81' lang='lat' dir='ltr'>Pilati</span> <span class='ocrx_word' id='word_1_44' title='bbox 855 1425 897 1490; x_wconf 90' lang='lat' dir='ltr'>et</span> <span class='ocrx_word' id='word_1_45' title='bbox 911 1405 997 1514; x_wconf 85' lang='lat' dir='ltr'>ejus</span> <span class='ocrx_word' id='word_1_46' title='bbox 1015 1405 1111 1501; x_wconf 88' lang='lat' dir='ltr'>vita,</span> <span class='ocrx_word' id='word_1_47' title='bbox 1117 1404 1193 1514; x_wconf 84' lang='lat' dir='ltr'>fol.</span> <span class='ocrx_word' id='word_1_48' title='bbox 1215 1429 1237 1487; x_wconf 88' lang='lat'><strong>2</strong></span> <span class='ocrx_word' id='word_1_49' title='bbox 1243 1431 1309 1514; x_wconf 83' lang='lat' dir='ltr'>3r.</span> 
     </span>
     <span class='ocr_line' id='line_1_8' title="bbox 433 1527 1310 1647; baseline -0.015 -26"><span class='ocrx_word' id='word_1_50' title='bbox 433 1566 501 1647; x_wconf 83' lang='lat'><strong>23.</strong></span> <span class='ocrx_word' id='word_1_51' title='bbox 529 1539 591 1619; x_wconf 88' lang='lat' dir='ltr'>De</span> <span class='ocrx_word' id='word_1_52' title='bbox 609 1552 703 1616; x_wconf 87' lang='lat' dir='ltr'>ortu</span> <span class='ocrx_word' id='word_1_53' title='bbox 722 1532 837 1642; x_wconf 84' lang='lat' dir='ltr'>Judae</span> <span class='ocrx_word' id='word_1_54' title='bbox 856 1547 898 1612; x_wconf 89' lang='lat' dir='ltr'>et</span> <span class='ocrx_word' id='word_1_55' title='bbox 913 1527 998 1635; x_wconf 84' lang='lat' dir='ltr'>ejus</span> <span class='ocrx_word' id='word_1_56' title='bbox 1016 1527 1113 1622; x_wconf 82' lang='lat' dir='ltr'>vita,</span> <span class='ocrx_word' id='word_1_57' title='bbox 1120 1527 1196 1635; x_wconf 80' lang='lat' dir='ltr'>fos.</span> <span class='ocrx_word' id='word_1_58' title='bbox 1217 1553 1310 1637; x_wconf 89' lang='lat'><strong>232.</strong></span> 
     </span>
     <span class='ocr_line' id='line_1_9' title="bbox 431 1645 1922 1768; baseline -0.005 -24"><span class='ocrx_word' id='word_1_59' title='bbox 431 1687 496 1768; x_wconf 87' lang='lat'><strong>24.</strong></span> <span class='ocrx_word' id='word_1_60' title='bbox 526 1656 634 1740; x_wconf 88' lang='lat' dir='ltr'>Visto</span> <span class='ocrx_word' id='word_1_61' title='bbox 653 1655 823 1739; x_wconf 90' lang='lat' dir='ltr'>revelata</span> <span class='ocrx_word' id='word_1_62' title='bbox 839 1677 949 1736; x_wconf 92' lang='lat' dir='ltr'>anno</span> <span class='ocrx_word' id='word_1_63' title='bbox 973 1678 1076 1758; x_wconf 88' lang='lat'><strong>1209</strong></span> <span class='ocrx_word' id='word_1_64' title='bbox 1095 1647 1315 1761; x_wconf 89' lang='lat' dir='ltr'>Rodulpho</span> <span class='ocrx_word' id='word_1_65' title='bbox 1334 1645 1497 1733; x_wconf 82' lang='lat' dir='ltr'>sacristae</span> <span class='ocrx_word' id='word_1_66' title='bbox 1514 1650 1741 1738; x_wconf 87' lang='lat' dir='ltr'>monasterii</span> <span class='ocrx_word' id='word_1_67' title='bbox 1758 1651 1922 1736; x_wconf 85' lang='lat' dir='ltr'>Cesarea</span> 
     </span>
     <span class='ocr_line' id='line_1_10' title="bbox 400 1769 1919 1891; baseline -0.003 -26"><span class='ocrx_word' id='word_1_68' title='bbox 400 1887 402 1891; x_wconf 16' lang='grc' dir='ltr'>Ι</span> <span class='ocrx_word' id='word_1_69' title='bbox 526 1769 1809 1889; x_wconf 79' lang='lat' dir='ltr'>stneKeisamnuncupatiinterritorioAugusteustsecclesrae,foI.</span> <span class='ocrx_word' id='word_1_70' title='bbox 1824 1806 1919 1888; x_wconf 88' lang='grc'><strong>233.</strong></span> 
     </span>
     <span class='ocr_line' id='line_1_11' title="bbox 433 1893 1920 2015; baseline -0.005 -25"><span class='ocrx_word' id='word_1_71' title='bbox 433 1931 498 2015; x_wconf 82' lang='lat'><strong>25.</strong></span> <span class='ocrx_word' id='word_1_72' title='bbox 526 1908 590 1988; x_wconf 90' lang='lat' dir='ltr'>De</span> <span class='ocrx_word' id='word_1_73' title='bbox 617 1901 820 2015; x_wconf 86' lang='lat' dir='ltr'>Stephano</span> <span class='ocrx_word' id='word_1_74' title='bbox 848 1897 1055 2010; x_wconf 88' lang='lat' dir='ltr'>Iugnacho</span> <span class='ocrx_word' id='word_1_75' title='bbox 1078 1893 1317 1994; x_wconf 70' lang='lat' dir='ltr'>cartusiensi,</span> <span class='ocrx_word' id='word_1_76' title='bbox 1346 1895 1516 2010; x_wconf 80' lang='lat' dir='ltr'>qualiter</span> <span class='ocrx_word' id='word_1_77' title='bbox 1542 1925 1634 1981; x_wconf 89' lang='lat' dir='ltr'>eutn</span> <span class='ocrx_word' id='word_1_78' title='bbox 1664 1901 1780 1984; x_wconf 88' lang='lat' dir='ltr'>beata</span> <span class='ocrx_word' id='word_1_79' title='bbox 1806 1900 1920 2010; x_wconf 85' lang='lat' dir='ltr'>virgo</span> 
     </span>
     <span class='ocr_line' id='line_1_12' title="bbox 526 2017 1921 2140; baseline -0.004 -30"><span class='ocrx_word' id='word_1_80' title='bbox 526 2025 661 2140; x_wconf 89' lang='lat' dir='ltr'>ptimo</span> <span class='ocrx_word' id='word_1_81' title='bbox 676 2021 825 2137; x_wconf 85' lang='lat' dir='ltr'>eripuit</span> <span class='ocrx_word' id='word_1_82' title='bbox 847 2021 898 2103; x_wconf 85' lang='lat' dir='ltr'>de</span> <span class='ocrx_word' id='word_1_83' title='bbox 920 2017 1134 2128; x_wconf 84' lang='lat' dir='ltr'>naufragio</span> <span class='ocrx_word' id='word_1_84' title='bbox 1150 2017 1342 2129; x_wconf 83' lang='lat' dir='ltr'>corporis,</span> <span class='ocrx_word' id='word_1_85' title='bbox 1366 2035 1406 2102; x_wconf 85' lang='lat' dir='ltr'>et</span> <span class='ocrx_word' id='word_1_86' title='bbox 1423 2018 1557 2131; x_wconf 86' lang='lat' dir='ltr'>postea</span> <span class='ocrx_word' id='word_1_87' title='bbox 1575 2023 1624 2103; x_wconf 90' lang='lat' dir='ltr'>de</span> <span class='ocrx_word' id='word_1_88' title='bbox 1641 2023 1921 2135; x_wconf 90' lang='lat' dir='ltr'>temptationi·</span> 
     </span>
     <span class='ocr_line' id='line_1_13' title="bbox 528 2139 1920 2260; baseline -0.002 -30"><span class='ocrx_word' id='word_1_89' title='bbox 528 2150 604 2232; x_wconf 87' lang='lat' dir='ltr'>bus</span> <span class='ocrx_word' id='word_1_90' title='bbox 622 2146 775 2244; x_wconf 89' lang='lat' dir='ltr'>cordis;</span> <span class='ocrx_word' id='word_1_91' title='bbox 803 2142 977 2255; x_wconf 87' lang='lat' dir='ltr'>qualiter</span> <span class='ocrx_word' id='word_1_92' title='bbox 1003 2169 1098 2226; x_wconf 89' lang='lat' dir='ltr'>eum</span> <span class='ocrx_word' id='word_1_93' title='bbox 1115 2139 1291 2224; x_wconf 85' lang='lat' dir='ltr'>formant</span> <span class='ocrx_word' id='word_1_94' title='bbox 1317 2141 1460 2227; x_wconf 81' lang='lat' dir='ltr'>orandi</span> <span class='ocrx_word' id='word_1_95' title='bbox 1486 2142 1638 2245; x_wconf 86' lang='lat' dir='ltr'>docuit,</span> <span class='ocrx_word' id='word_1_96' title='bbox 1666 2147 1764 2260; x_wconf 90' lang='lat' dir='ltr'>quia</span> <span class='ocrx_word' id='word_1_97' title='bbox 1786 2146 1821 2229; x_wconf 89' lang='lat' dir='ltr'>ei</span> <span class='ocrx_word' id='word_1_98' title='bbox 1849 2147 1920 2228; x_wconf 88' lang='lat' dir='ltr'>de-</span> 
     </span>
     <span class='ocr_line' id='line_1_14' title="bbox 525 2262 1267 2376; baseline -0.007 -25"><span class='ocrx_word' id='word_1_99' title='bbox 525 2288 645 2354; x_wconf 86' lang='lat' dir='ltr'>votus</span> <span class='ocrx_word' id='word_1_100' title='bbox 663 2269 706 2352; x_wconf 91' lang='lat' dir='ltr'>in</span> <span class='ocrx_word' id='word_1_101' title='bbox 725 2268 856 2350; x_wconf 91' lang='lat' dir='ltr'>seculo</span> <span class='ocrx_word' id='word_1_102' title='bbox 873 2265 1070 2364; x_wconf 82' lang='lat' dir='ltr'>extiterat,</span> <span class='ocrx_word' id='word_1_103' title='bbox 1076 2266 1151 2376; x_wconf 86' lang='lat' dir='ltr'>sos.</span> <span class='ocrx_word' id='word_1_104' title='bbox 1174 2262 1267 2375; x_wconf 88' lang='grc'><strong>238.</strong></span> 
     </span>
     <span class='ocr_line' id='line_1_15' title="bbox 433 2384 1920 2505; baseline -0.002 -26"><span class='ocrx_word' id='word_1_105' title='bbox 433 2423 499 2501; x_wconf 86' lang='lat'><strong>24.</strong></span> <span class='ocrx_word' id='word_1_106' title='bbox 528 2395 648 2478; x_wconf 85' lang='lat' dir='ltr'>Liber</span> <span class='ocrx_word' id='word_1_107' title='bbox 666 2387 865 2476; x_wconf 88' lang='lat' dir='ltr'>Methodii</span> <span class='ocrx_word' id='word_1_108' title='bbox 881 2386 1052 2500; x_wconf 88' lang='lat' dir='ltr'>episcopi</span> <span class='ocrx_word' id='word_1_109' title='bbox 1072 2384 1286 2472; x_wconf 81' lang='lat' dir='ltr'>Paterensts</span> <span class='ocrx_word' id='word_1_110' title='bbox 1305 2402 1346 2471; x_wconf 89' lang='lat' dir='ltr'>et</span> <span class='ocrx_word' id='word_1_111' title='bbox 1363 2387 1549 2501; x_wconf 85' lang='lat' dir='ltr'>martyris</span> <span class='ocrx_word' id='word_1_112' title='bbox 1564 2390 1712 2479; x_wconf 85' lang='lat' dir='ltr'>Christi</span> <span class='ocrx_word' id='word_1_113' title='bbox 1729 2419 1852 2505; x_wconf 88' lang='lat' dir='ltr'>quern</span> <span class='ocrx_word' id='word_1_114' title='bbox 1870 2418 1920 2476; x_wconf 87' lang='lat' dir='ltr'>ex</span> 
     </span>
     <span class='ocr_line' id='line_1_16' title="bbox 375 2508 2000 2629; baseline -0.004 -25"><span class='ocrx_word' id='word_1_115' title='bbox 375 2521 550 2605; x_wconf 85' lang='lat' dir='ltr'>Hebraeo</span> <span class='ocrx_word' id='word_1_116' title='bbox 568 2532 610 2598; x_wconf 83' lang='lat' dir='ltr'>et</span> <span class='ocrx_word' id='word_1_117' title='bbox 627 2519 769 2598; x_wconf 82' lang='lat' dir='ltr'>Graeco</span> <span class='ocrx_word' id='word_1_118' title='bbox 793 2513 836 2598; x_wconf 88' lang='lat' dir='ltr'>in</span> <span class='ocrx_word' id='word_1_119' title='bbox 856 2510 1052 2596; x_wconf 88' lang='lat' dir='ltr'>Latinum</span> <span class='ocrx_word' id='word_1_120' title='bbox 1076 2508 1291 2596; x_wconf 84' lang='lat' dir='ltr'>transferre</span> <span class='ocrx_word' id='word_1_121' title='bbox 1313 2508 1483 2612; x_wconf 83' lang='lat' dir='ltr'>curavit,</span> <span class='ocrx_word' id='word_1_122' title='bbox 1508 2511 1623 2600; x_wconf 89' lang='lat' dir='ltr'>idest</span> <span class='ocrx_word' id='word_1_123' title='bbox 1646 2517 1697 2600; x_wconf 90' lang='lat' dir='ltr'>de</span> <span class='ocrx_word' id='word_1_124' title='bbox 1720 2515 1922 2629; x_wconf 87' lang='lat' dir='ltr'>principio</span> <span class='ocrx_word' id='word_1_125' title='bbox 1997 2531 2000 2536; x_wconf 82' lang='grc'><strong>“</strong></span> 
     </span>
    </p>
   </div>
   <div class='ocr_carea' id='block_1_3' title="bbox 340 2631 1922 2873">
    <p class='ocr_par' dir='ltr' id='par_1_3' title="bbox 340 2631 1922 2873">
     <span class='ocr_line' id='line_1_17' title="bbox 375 2631 1922 2749; baseline -0.005 -22"><span class='ocrx_word' id='word_1_126' title='bbox 375 2638 493 2727; x_wconf 83' lang='lat' dir='ltr'>seculi</span> <span class='ocrx_word' id='word_1_127' title='bbox 519 2655 561 2722; x_wconf 90' lang='lat' dir='ltr'>et</span> <span class='ocrx_word' id='word_1_128' title='bbox 588 2638 842 2747; x_wconf 85' lang='lat' dir='ltr'>interregna</span> <span class='ocrx_word' id='word_1_129' title='bbox 868 2632 1053 2745; x_wconf 85' lang='lat' dir='ltr'>gentium</span> <span class='ocrx_word' id='word_1_130' title='bbox 1080 2651 1120 2717; x_wconf 88' lang='lat' dir='ltr'>et</span> <span class='ocrx_word' id='word_1_131' title='bbox 1143 2631 1224 2717; x_wconf 89' lang='lat' dir='ltr'>fine</span> <span class='ocrx_word' id='word_1_132' title='bbox 1251 2633 1489 2736; x_wconf 84' lang='lat' dir='ltr'>seculorum,</span> <span class='ocrx_word' id='word_1_133' title='bbox 1518 2664 1640 2749; x_wconf 86' lang='lat' dir='ltr'>quem</span> <span class='ocrx_word' id='word_1_134' title='bbox 1667 2638 1831 2727; x_wconf 75' lang='lat' dir='ltr'>illustris</span> <span class='ocrx_word' id='word_1_135' title='bbox 1857 2638 1922 2721; x_wconf 87' lang='lat' dir='ltr'>vir</span> 
     </span>
     <span class='ocr_line' id='line_1_18' title="bbox 340 2754 1409 2873; baseline -0.008 -25"><span class='ocrx_word' id='word_1_136' title='bbox 340 2862 343 2873; x_wconf 25' lang='grc' dir='ltr'>Ι</span> <span class='ocrx_word' id='word_1_137' title='bbox 373 2765 514 2859; x_wconf 86' lang='lat' dir='ltr'>beatus</span> <span class='ocrx_word' id='word_1_138' title='bbox 533 2758 762 2871; x_wconf 88' lang='lat' dir='ltr'>Jeronimus</span> <span class='ocrx_word' id='word_1_139' title='bbox 781 2759 825 2842; x_wconf 91' lang='lat' dir='ltr'>in</span> <span class='ocrx_word' id='word_1_140' title='bbox 840 2754 920 2841; x_wconf 89' lang='lat' dir='ltr'>suis</span> <span class='ocrx_word' id='word_1_141' title='bbox 936 2754 1138 2869; x_wconf 87' lang='lat' dir='ltr'>opusculis</span> <span class='ocrx_word' id='word_1_142' title='bbox 1157 2754 1409 2842; x_wconf 84' lang='lat' dir='ltr'>collaudavit.</span> 
     </span>
    </p>
   </div>
   <div class='ocr_carea' id='block_1_4' title="bbox 1012 2975 1276 3097">
    <p class='ocr_par' dir='ltr' id='par_1_4' title="bbox 1012 2975 1276 3097">
     <span class='ocr_line' id='line_1_19' title="bbox 1012 2975 1276 3097; baseline 0.008 -2"><span class='ocrx_word' id='word_1_143' title='bbox 1012 2975 1276 3097; x_wconf 86' lang='lat' dir='ltr'><strong>LXVII.</strong></span> 
     </span>
    </p>
   </div>
   <div class='ocr_carea' id='block_1_5' title="bbox 425 3152 1757 3397">
    <p class='ocr_par' dir='ltr' id='par_1_5' title="bbox 425 3152 1757 3397">
     <span class='ocr_line' id='line_1_20' title="bbox 425 3152 1757 3274; baseline -0.008 -22"><span class='ocrx_word' id='word_1_144' title='bbox 425 3166 540 3251; x_wconf 78' lang='lat' dir='ltr'>Codex</span> <span class='ocrx_word' id='word_1_145' title='bbox 556 3161 839 3245; x_wconf 83' lang='lat' dir='ltr'>membranaceus</span> <span class='ocrx_word' id='word_1_146' title='bbox 856 3157 1010 3270; x_wconf 65' lang='lat' dir='ltr'>infidia</span> <span class='ocrx_word' id='word_1_147' title='bbox 1019 3155 1137 3268; x_wconf 82' lang='lat' dir='ltr'>stcuso</span> <span class='ocrx_word' id='word_1_148' title='bbox 1155 3152 1381 3270; x_wconf 81' lang='lat' dir='ltr'>xiscriptus,</span> <span class='ocrx_word' id='word_1_149' title='bbox 1402 3158 1443 3243; x_wconf 82' lang='lat' dir='ltr'>in</span> <span class='ocrx_word' id='word_1_150' title='bbox 1461 3182 1526 3274; x_wconf 83' lang='lat' dir='ltr'>quo</span> <span class='ocrx_word' id='word_1_151' title='bbox 1544 3160 1757 3260; x_wconf 82' lang='lat' dir='ltr'>continetur,</span> 
     </span>
     <span class='ocr_line' id='line_1_21' title="bbox 426 3277 1266 3397; baseline -0.012 -23"><span class='ocrx_word' id='word_1_152' title='bbox 426 3283 634 3397; x_wconf 86' lang='lat' dir='ltr'>Remigius</span> <span class='ocrx_word' id='word_1_153' title='bbox 654 3280 996 3367; x_wconf 83' lang='lat' dir='ltr'>Antiffiodorensrs</span> <span class='ocrx_word' id='word_1_154' title='bbox 1015 3277 1056 3361; x_wconf 90' lang='lat' dir='ltr'>in</span> <span class='ocrx_word' id='word_1_155' title='bbox 1077 3278 1266 3364; x_wconf 88' lang='lat' dir='ltr'>Psalmos.</span> 
     </span>
    </p>
   </div>
   <div class='ocr_carea' id='block_1_6' title="bbox 996 3493 1283 3615">
    <p class='ocr_par' dir='ltr' id='par_1_6' title="bbox 996 3493 1283 3615">
     <span class='ocr_line' id='line_1_22' title="bbox 996 3493 1283 3615; baseline -0.017 0"><span class='ocrx_word' id='word_1_156' title='bbox 996 3493 1283 3615; x_wconf 88' lang='lat' dir='ltr'><strong>LXVIII.</strong></span> 
     </span>
    </p>
   </div>
   <div class='ocr_carea' id='block_1_7' title="bbox 429 3672 1791 4157">
    <p class='ocr_par' dir='ltr' id='par_1_7' title="bbox 429 3672 1791 4037">
     <span class='ocr_line' id='line_1_23' title="bbox 430 3672 1791 3791; baseline 0.001 -28"><span class='ocrx_word' id='word_1_157' title='bbox 430 3677 546 3763; x_wconf 83' lang='lat' dir='ltr'>Codex</span> <span class='ocrx_word' id='word_1_158' title='bbox 562 3673 845 3759; x_wconf 81' lang='lat' dir='ltr'>membranaceus</span> <span class='ocrx_word' id='word_1_159' title='bbox 861 3672 1015 3784; x_wconf 88' lang='lat' dir='ltr'>infolio,</span> <span class='ocrx_word' id='word_1_160' title='bbox 1021 3676 1141 3789; x_wconf 82' lang='lat' dir='ltr'>seculo</span> <span class='ocrx_word' id='word_1_161' title='bbox 1158 3679 1395 3791; x_wconf 60' lang='lat' dir='ltr'>xnsmiotus,</span> <span class='ocrx_word' id='word_1_162' title='bbox 1413 3672 1454 3761; x_wconf 82' lang='lat' dir='ltr'>in</span> <span class='ocrx_word' id='word_1_163' title='bbox 1471 3703 1537 3791; x_wconf 82' lang='lat' dir='ltr'>quo</span> <span class='ocrx_word' id='word_1_164' title='bbox 1553 3681 1791 3779; x_wconf 79' lang='lat' dir='ltr'>continentur,</span> 
     </span>
     <span class='ocr_line' id='line_1_24' title="bbox 434 3794 1754 3890; baseline 0.002 -5"><span class='ocrx_word' id='word_1_165' title='bbox 434 3821 472 3885; x_wconf 85' lang='lat'><strong>1.</strong></span> <span class='ocrx_word' id='word_1_166' title='bbox 499 3796 750 3883; x_wconf 83' lang='lat' dir='ltr'>Calliodorus</span> <span class='ocrx_word' id='word_1_167' title='bbox 769 3800 937 3880; x_wconf 86' lang='lat' dir='ltr'>Senator</span> <span class='ocrx_word' id='word_1_168' title='bbox 952 3794 1001 3878; x_wconf 80' lang='lat' dir='ltr'>de</span> <span class='ocrx_word' id='word_1_169' title='bbox 1019 3796 1270 3885; x_wconf 89' lang='lat' dir='ltr'>institutione</span> <span class='ocrx_word' id='word_1_170' title='bbox 1288 3799 1516 3885; x_wconf 80' lang='lat' dir='ltr'>divinarum</span> <span class='ocrx_word' id='word_1_171' title='bbox 1535 3801 1754 3890; x_wconf 86' lang='lat' dir='ltr'>literarum.</span> 
     </span>
     <span class='ocr_line' id='line_1_25' title="bbox 429 3916 1505 4037; baseline 0.001 -32"><span class='ocrx_word' id='word_1_172' title='bbox 429 3950 469 4006; x_wconf 92' lang='lat'><strong>2.</strong></span> <span class='ocrx_word' id='word_1_173' title='bbox 498 3916 634 4004; x_wconf 70' lang='lat' dir='ltr'>sanni</span> <span class='ocrx_word' id='word_1_174' title='bbox 652 3916 787 4003; x_wconf 85' lang='lat' dir='ltr'>Isrdori</span> <span class='ocrx_word' id='word_1_175' title='bbox 805 3917 905 4002; x_wconf 89' lang='lat' dir='ltr'>liber</span> <span class='ocrx_word' id='word_1_176' title='bbox 920 3917 969 4000; x_wconf 86' lang='lat' dir='ltr'>de</span> <span class='ocrx_word' id='word_1_177' title='bbox 985 3916 1229 4006; x_wconf 86' lang='lat' dir='ltr'>sacraniento</span> <span class='ocrx_word' id='word_1_178' title='bbox 1246 3921 1505 4037; x_wconf 89' lang='lat' dir='ltr'>baptismatis.</span> 
     </span>
    </p>

    <p class='ocr_par' dir='ltr' id='par_1_8' title="bbox 431 4038 1597 4157">
     <span class='ocr_line' id='line_1_26' title="bbox 431 4038 1597 4157; baseline 0.003 -28"><span class='ocrx_word' id='word_1_179' title='bbox 431 4074 472 4157; x_wconf 83' lang='lat'><strong>3.</strong></span> <span class='ocrx_word' id='word_1_180' title='bbox 499 4043 670 4129; x_wconf 86' lang='lat' dir='ltr'>Isidorus</span> <span class='ocrx_word' id='word_1_181' title='bbox 689 4038 930 4155; x_wconf 82' lang='lat' dir='ltr'>Hispalenfis</span> <span class='ocrx_word' id='word_1_182' title='bbox 949 4040 998 4125; x_wconf 89' lang='lat' dir='ltr'>de</span> <span class='ocrx_word' id='word_1_183' title='bbox 1016 4042 1275 4131; x_wconf 81' lang='lat' dir='ltr'>ecclesiasticis</span> <span class='ocrx_word' id='word_1_184' title='bbox 1292 4043 1447 4143; x_wconf 88' lang='lat' dir='ltr'>officiis,</span> <span class='ocrx_word' id='word_1_185' title='bbox 1466 4046 1536 4131; x_wconf 92' lang='lat' dir='ltr'>lib.</span> <span class='ocrx_word' id='word_1_186' title='bbox 1553 4047 1597 4133; x_wconf 91' lang='lat' dir='ltr'>ii.</span> 
     </span>
    </p>
   </div>
   <div class='ocr_carea' id='block_1_8' title="bbox 428 4159 1914 4413">
    <p class='ocr_par' dir='ltr' id='par_1_9' title="bbox 428 4159 1914 4413">
     <span class='ocr_line' id='line_1_27' title="bbox 428 4159 1558 4277; baseline 0.004 -27"><span class='ocrx_word' id='word_1_187' title='bbox 428 4198 469 4277; x_wconf 78' lang='lat'><strong>4.</strong></span> <span class='ocrx_word' id='word_1_188' title='bbox 500 4164 669 4251; x_wconf 76' lang='lat' dir='ltr'>Isidorus</span> <span class='ocrx_word' id='word_1_189' title='bbox 687 4164 738 4248; x_wconf 92' lang='lat' dir='ltr'>de</span> <span class='ocrx_word' id='word_1_190' title='bbox 755 4159 1015 4250; x_wconf 82' lang='lat' dir='ltr'>ecclestasticis</span> <span class='ocrx_word' id='word_1_191' title='bbox 1033 4162 1366 4270; x_wconf 89' lang='lat' dir='ltr'>institutionibus,</span> <span class='ocrx_word' id='word_1_192' title='bbox 1386 4167 1456 4254; x_wconf 93' lang='lat' dir='ltr'>lib.</span> <span class='ocrx_word' id='word_1_193' title='bbox 1474 4167 1558 4255; x_wconf 87' lang='lat' dir='ltr'>xiii.</span> 
     </span>
     <span class='ocr_line' id='line_1_28' title="bbox 1758 4303 1914 4413; baseline -0.077 -24"><span class='ocrx_word' id='word_1_194' title='bbox 1758 4327 1797 4413; x_wconf 73' lang='grc' dir='ltr'>ς.</span> <span class='ocrx_word' id='word_1_195' title='bbox 1826 4303 1914 4388; x_wconf 89' lang='lat' dir='ltr'>Ab.</span> 
     </span>
    </p>
   </div>
   <div class='ocr_carea' id='block_1_9' title="bbox 361 4485 1907 5067">
    <p class='ocr_par' dir='ltr' id='par_1_10' title="bbox 361 4485 1907 5067">
     <span class='ocr_line' id='line_1_29' title="bbox 361 4485 1907 4532; baseline 0.019 -29"><span class='ocrx_word' id='word_1_196' title='bbox 361 4485 1907 4532; x_wconf 48' lang='lat' dir='ltr'>Q—</span> 
     </span>
     <span class='ocr_line' id='line_1_30' title="bbox 423 4605 835 4693; baseline 0 -15"><span class='ocrx_word' id='word_1_197' title='bbox 423 4608 496 4693; x_wconf 86' lang='grc' dir='ltr'><strong>2ο.]</strong></span> <span class='ocrx_word' id='word_1_198' title='bbox 512 4607 583 4679; x_wconf 83' lang='lat' dir='ltr'>the</span> <span class='ocrx_word' id='word_1_199' title='bbox 595 4605 765 4676; x_wconf 86' lang='lat' dir='ltr'><strong>CCCXV.</strong></span> <span class='ocrx_word' id='word_1_200' title='bbox 781 4631 835 4680; x_wconf 83' lang='lat' dir='ltr'>ao.</span> 
     </span>
     <span class='ocr_line' id='line_1_31' title="bbox 426 4723 1376 4809; baseline 0.014 -16"><span class='ocrx_word' id='word_1_201' title='bbox 426 4724 499 4809; x_wconf 88' lang='grc'><strong>26.]</strong></span> <span class='ocrx_word' id='word_1_202' title='bbox 514 4723 584 4793; x_wconf 82' lang='lat' dir='ltr'>Vide</span> <span class='ocrx_word' id='word_1_203' title='bbox 596 4723 687 4791; x_wconf 85' lang='lat' dir='ltr'><strong>LIX.</strong></span> <span class='ocrx_word' id='word_1_204' title='bbox 709 4748 758 4794; x_wconf 87' lang='grc' dir='ltr'>ι2.</span> <span class='ocrx_word' id='word_1_205' title='bbox 773 4725 999 4795; x_wconf 76' lang='lat' dir='ltr'>cetxxxv</span> <span class='ocrx_word' id='word_1_206' title='bbox 1001 4728 1061 4799; x_wconf 89' lang='lat'><strong>111.</strong></span> <span class='ocrx_word' id='word_1_207' title='bbox 1079 4749 1129 4800; x_wconf 84' lang='lat' dir='ltr'>to.</span> <span class='ocrx_word' id='word_1_208' title='bbox 1143 4730 1328 4806; x_wconf 79' lang='lat' dir='ltr'><strong>cccclv.</strong></span> <span class='ocrx_word' id='word_1_209' title='bbox 1343 4757 1376 4808; x_wconf 84' lang='grc'>2.</span> 
     </span>
     <span class='ocr_line' id='line_1_32' title="bbox 426 4840 1296 4945; baseline 0.018 -35"><span class='ocrx_word' id='word_1_210' title='bbox 426 4840 586 4927; x_wconf 86' lang='lat' dir='ltr'><strong>LXVII.]</strong></span> <span class='ocrx_word' id='word_1_211' title='bbox 601 4845 666 4914; x_wconf 79' lang='lat' dir='ltr'>Vct.</span> <span class='ocrx_word' id='word_1_212' title='bbox 680 4848 748 4914; x_wconf 82' lang='lat' dir='ltr'>Cot.</span> <span class='ocrx_word' id='word_1_213' title='bbox 764 4847 811 4914; x_wconf 93' lang='lat' dir='ltr'><strong>N.</strong></span> <span class='ocrx_word' id='word_1_214' title='bbox 826 4848 859 4915; x_wconf 82' lang='lat'><strong>6.</strong></span> <span class='ocrx_word' id='word_1_215' title='bbox 875 4847 973 4928; x_wconf 81' lang='lat' dir='ltr'><strong>MSS.</strong></span> <span class='ocrx_word' id='word_1_216' title='bbox 988 4853 1074 4938; x_wconf 76' lang='lat' dir='ltr'>Angs.</span> <span class='ocrx_word' id='word_1_217' title='bbox 1095 4873 1296 4945; x_wconf 84' lang='lat'><strong>1447-170.</strong></span> 
     </span>
     <span class='ocr_line' id='line_1_33' title="bbox 422 4960 1307 5067; baseline 0.016 -35"><span class='ocrx_word' id='word_1_218' title='bbox 422 4960 598 5048; x_wconf 79' lang='lat' dir='ltr'><strong>LXVIII]</strong></span> <span class='ocrx_word' id='word_1_219' title='bbox 614 4965 679 5035; x_wconf 79' lang='lat' dir='ltr'>Vct.</span> <span class='ocrx_word' id='word_1_220' title='bbox 694 4969 762 5036; x_wconf 83' lang='lat' dir='ltr'>Cot.</span> <span class='ocrx_word' id='word_1_221' title='bbox 776 4966 824 5035; x_wconf 89' lang='lat' dir='ltr'><strong>N.</strong></span> <span class='ocrx_word' id='word_1_222' title='bbox 841 4989 872 5058; x_wconf 83' lang='grc'>3.</span> <span class='ocrx_word' id='word_1_223' title='bbox 887 4971 985 5045; x_wconf 83' lang='lat' dir='ltr'><strong>MSS.</strong></span> <span class='ocrx_word' id='word_1_224' title='bbox 1001 4976 1088 5061; x_wconf 76' lang='lat' dir='ltr'>Angl.</span> <span class='ocrx_word' id='word_1_225' title='bbox 1105 4976 1307 5067; x_wconf 76' lang='lat'><strong>1444-167.</strong></span> 
     </span>
    </p>
   </div>
   <div class='ocr_carea' id='block_1_10' title="bbox 0 0 2112 5910">
    <p class='ocr_par' dir='ltr' id='par_1_11' title="bbox 0 0 2112 5910">
     <span class='ocr_line' id='line_1_34' title="bbox 0 0 2112 5910; baseline 0 0"><span class='ocrx_word' id='word_1_226' title='bbox 0 0 2112 5910; x_wconf 95' lang='lat' dir='ltr'> </span> 
     </span>
    </p>
   </div>
  </div>
 </body>
</html>
