4214 5910
239 1495 1689 1662 .'PRE.FATIO.

365 2197 407 2279 U
420 2198 471 2281 M
497 2196 633 2310 aliquot
649 2191 780 2281 abhinc
792 2197 897 2280 annis
914 2196 956 2277 in
972 2194 1113 2304 collegio
1130 2194 1240 2303 nostro
1256 2193 1438 2301 versicrer,
1449 2195 1497 2279 ab
1509 2199 1624 2282 amico
1639 2197 1789 2311 quodam

380 2339 525 2430 rogatus
543 2318 693 2405 codicem
703 2324 794 2404 MS.
813 2317 854 2428 in
870 2317 1079 2401 bibliotheca
1083 2316 1278 2430 servatum
1292 2317 1387 2399 mibi
1399 2319 1627 2403 evolvendam
1632 2320 1788 2434 suscepi.

250 2437 356 2522 Hinc
357 2443 465 2550 sorte
479 2445 612 2540 evenit,
627 2461 669 2524 ut
682 2442 835 2552 nonfine
847 2439 1087 2523 admiratione
1101 2440 1305 2523 invenerim
1318 2440 1492 2551 catalogos
1505 2444 1624 2527 MSS.
1644 2472 1688 2527 ea
1701 2445 1788 2555 qai.

248 2555 568 2672 demftsltnatione
580 2565 788 2675 plerumque
801 2561 861 2672 ese
878 2563 1092 2671 compilatos,
1105 2580 1147 2643 ut
1165 2591 1272 2673 neque
1285 2562 1327 2645 de
1339 2563 1480 2645 nomine
1493 2583 1661 2647 autorum
1678 2593 1786 2678 neque

248 2679 292 2763 de
308 2688 479 2768 contentio
494 2686 651 2770 codicum
655 2685 751 2798 sdes
754 2689 898 2798 semper
916 2685 1025 2793 eisstt
1041 2682 1252 2767 adhibenda.
1298 2684 1549 2798 Prodiitsane
1559 2688 1702 2796 primus
1719 2715 1786 2767 ca-

249 2804 386 2918 talogus
397 2812 516 2894 MSS.
532 2812 597 2921 qui
610 2809 703 2891 banc
716 2808 960 2891 bibliothecam
973 2806 1168 2913 illuslrant,
1186 2807 1227 2887 in
1241 2806 1380 2915 Ecloga
1394 2806 1440 2889 cl.
1451 2809 1618 2921 Jameso}
1631 2827 1666 2889 et
1681 2807 1786 2917 ibina

247 2925 289 3007 in
315 2932 525 3042 Catalogum
548 2934 669 3016 MSS.
688 2932 842 3040 Anglioe
871 2947 907 3011 et
931 2929 1133 3011 Hibernia·
1152 2928 1417 3039 transcriptum
1445 2930 1487 3010 in
1512 2959 1579 3040 quo
1598 2930 1786 3044 plusquam

247 3066 386 3134 centum
415 3055 546 3136 codices
575 3053 804 3148 omittuntur,
839 3068 874 3133 et
904 3051 1038 3162 reliqui
1065 3050 1165 3133 nullu
1184 3047 1275 3161 fere
1301 3048 1549 3165 describuntur
1575 3051 1784 3162 diligentia.

248 3168 350 3254 Satis
366 3172 494 3256 babuit
510 3176 741 3286 compilator„
748 3175 791 3284 st
800 3174 958 3255 'indicem
969 3172 1168 3282 'instante
1192 3171 1349 3284 cujusvis
1374 3171 1504 3255 codicis
1530 3193 1784 3273 occurrentem,

235 3288 377 3404 sapen
394 3299 566 3380 neoterico
584 3296 731 3408 quodum
749 3296 915 3406 imperite
929 3313 966 3376 et
966 3293 1249 3404 jq'unefallum
1267 3293 1548 3405 transcriberet..
1573 3295 1801 3406 Honcquiz

245 3412 323 3498 lem
338 3417 514 3527 feliciore
535 3420 623 3532 austu
639 3420 785 3533 stcutus
802 3416 848 3525 esi
867 3417 1064 3512 Stanleins,
1094 3415 1158 3525 qui
1167 3421 1168 3425 '
1181 3414 1322 3525 collegio
1330 3453 1332 3457 ’
1333 3416 1494 3525 prufioit
1511 3437 1685 3529 regnante
1702 3421 1801 3503 Ga-

246 3534 360 3621 lielmo
370 3545 447 3623 III.
469 3540 541 3652 ipst
556 3544 651 3624 enim
668 3541 798 3624 codices
799 3539 959 3650 fingulos
975 3537 1217 3635 examinavit,
1233 3556 1269 3621 et
1281 3540 1480 3647 catalogum
1497 3540 1646 3650 etſssuio‘
1659 3568 1801 3623 nume*-

246 3660 301 3743 ris
311 3660 410 3746 baud
423 3662 630 3777 absolutum·
635 3664 760 3774 priori
777 3681 896 3744 tamen
906 3661 1014 3743 multo
1031 3661 1245 3743 limatiorem
1259 3658 1416 3742 condidit
1432 3679 1467 3742 et
1485 3662 1525 3743 in
1535 3662 1646 3744 lucem
1655 3662 1785 3749 elide.

162 3787 165 3790 ’
246 3779 321 3865 Sed
332 3781 475 3895 defecere
491 3788 575 3868 vim
592 3786 752 3897 alioquin
770 3782 951 3891 dolliffimu
968 3783 1085 3865 multa
1102 3781 1154 3863 ad
1174 3781 1267 3863 bunc
1285 3779 1438 3863 laborem
1455 3782 1675 3892 adjumenta,
1704 3812 1785 3895 quae

240 3898 618 4019 posteasuppeditavit
635 3908 738 4017 hujus
745 3907 863 4018 seculi
878 3904 1079 4017 industria:
1108 3903 1207 3986 baud
1222 3903 1355 3984 mirum
1372 3905 1495 4012 igitur
1497 3906 1539 4013 fi
1555 3905 1597 3988 de
1615 3907 1781 4018 antiqui·

246 4044 322 4109 tate
338 4033 457 4113 MSS.
466 4034 573 4146 sape·
580 4047 770 4142 perperam
779 4027 1017 4138 judicaverit
1036 4025 1216 4111 Stanleius
1224 4065 1237 4123 3
1265 4045 1300 4107 et
1318 4026 1580 4110 condonandum
1594 4029 1679 4110 viro
1696 4029 1785 4112 aleis

245 4151 345 4232 euris
361 4152 541 4263 impedito,
570 4153 657 4235 aliis
674 4152 791 4234 literis
809 4151 958 4245 intento,
973 4150 1016 4259 fi
1030 4149 1144 4230 multa
1157 4147 1224 4230 vel
1237 4149 1380 4231 intabta
1397 4149 1460 4231 vel
1459 4150 1678 4258 summatim
1691 4169 1783 4262 per·

230 4267 371 4379 stricta
381 4276 625 4383 praterierit.
680 4277 728 4355 In
746 4272 810 4370 eis,
839 4301 919 4383 qua
934 4270 1076 4351 adrem
1095 4270 1353 4378 ecelesiasticam
1372 4290 1408 4352 et
1426 4273 1664 4383 antiquitates
1678 4292 1783 4381 prce·

231 4392 367 4502 sertim
395 4396 540 4506 molesta
558 4396 779 4506 Anglicanae
802 4394 1001 4507 pertinent,
1027 4391 1126 4474 nibil
1136 4392 1227 4500 scre
1254 4390 1514 4500 desderandum
1541 4395 1695 4505 reliquit
1701 4435 1713 4492 ς
1740 4398 1785 4480 in

245 4516 386 4599 coeteris
399 4519 607 4631 plerumque
624 4516 898 4626 remfforsuit.
955 4513 1105 4597 Credidi
1131 4515 1252 4624 igitur
1268 4533 1303 4595 et
1322 4515 1609 4625 Collegie‘faruae
1623 4535 1660 4598 et
1674 4547 1782 4602 reve-

245 4634 437 4748 rendcffimi
450 4641 683 4752 benesubloris
701 4640 894 4738 nunnrioe,
912 4638 1069 4751 orbisque
1079 4638 1263 4720 litterarii
1281 4637 1447 4721 commodo
1465 4669 1520 4721 nee
1531 4639 1783 4752 consulturum,

228 4758 389 4867 sthoras
402 4762 601 4870 subsecivas
615 4766 656 4847 in
671 4781 773 4846 tanto
789 4762 1052 4874 antiquitatum
1067 4758 1370 4868 eeclessasicarum
1388 4780 1423 4842 et
1435 4761 1604 4844 civilium
1621 4749 1783 4874 tbesauro
1803 4831 1804 4834 κ

244 4883 393 4967 eruendo
406 4885 691 4999 describendoque
707 4885 947 4996 corficmerem.
995 4884 1064 4966 Ad
1078 4902 1160 4994 opus
1171 4882 1290 4991 igitur
1303 4911 1358 4963 me
1375 4883 1532 4982 accinxi,
1552 4883 1677 4993 bosque
1690 4885 1783 4967 mibi

137 5090 139 5094 .
244 5008 394 5117 impofiti
409 5009 510 5118 leges.
568 5010 739 5092 Primum
755 5026 796 5089 ut
800 5008 967 5116 formam
984 5023 1020 5086 et
1037 5005 1301 5115 antiquitatem·
1307 5005 1525 5112 fingnlorum
1544 5005 1700 5089 codicum
1715 5004 1781 5090 de·

231 5129 452 5238 ssmberem:
483 5131 523 5212 in
540 5162 612 5242 qua
630 5129 860 5240 descriptione
876 5158 956 5211 cum
972 5127 1064 5208 mibi
1080 5123 1336 5240 neceffesuerit
1350 5127 1562 5243 mosellorio
1574 5129 1783 5241 plerumque

245 5252 341 5350 uiti„
360 5282 428 5337 non
445 5252 595 5367 diffiteor
610 5281 666 5339 me
679 5252 816 5367 sapius
833 5248 993 5368 ecrasi3,
1009 5249 1264 5336 eademrtamen
1282 5268 1365 5347 utor
1382 5250 1562 5364 apologia²
1586 5280 1659 5368 qua
1658 5251 1787 5364 smili

1741 5405 1782 5459 en
