4244 5910
813 837 1029 957 CXLI.

225 1005 341 1086 Codex
357 1003 643 1084 membranaceus
661 1003 703 1084 in
708 1002 818 1110 folio,
826 1005 947 1110 stculo.
964 1030 1018 1082 xv
1023 1002 1204 1110 scriptus,
1224 1002 1287 1084 cui
1303 1002 1445 1096 titulus,

223 1125 450 1231 Registrum
473 1123 721 1203 bibliothecae
742 1124 790 1203 de
811 1127 932 1229 Syon.

222 1244 492 1348 Iossrutlifflma
509 1243 585 1322 bac
601 1242 813 1322 bibliotheca
830 1239 1033 1323 continebat
1057 1266 1159 1344 1400
1179 1240 1378 1337 volumina,
1405 1267 1485 1350 quae
1495 1239 1648 1350 stngnla
1663 1241 1705 1320 in

167 1359 231 1441 boc
246 1363 407 1471 catalogo
419 1380 722 1462 annumerantur,
741 1360 940 1444 nominibus
957 1361 1165 1443 donatorum
1170 1361 1271 1472 sape
1286 1363 1450 1469 apposttis
1458 1399 1472 1458 3
1492 1380 1530 1443 et
1540 1361 1710 1463 adfinem

166 1479 214 1582 etl
230 1479 339 1562 index
355 1480 561 1564 authorum.

807 1638 1053 1751 CXLII.

222 1800 341 1881 Codex
357 1801 644 1885 membranaceus
661 1802 819 1908 infolio,
825 1804 946 1909 stmulo
963 1832 1017 1882 xv
1031 1802 1201 1910 scriptus,
1221 1801 1263 1883 in
1281 1830 1348 1912 quo
1366 1802 1606 1896 continentur,

228 1944 261 2001 1.
291 1921 382 2000 The
402 1921 577 2004 mirrour
594 1920 642 2003 of
655 1923 701 2029 loe
723 1921 854 2004 bleffid
875 1920 937 2029 lyf
952 1922 1000 2002 of
1016 1911 1093 2008 [1111
1115 1921 1345 2029 [transsated
1363 1922 1471 2006 from
1491 1922 1561 2004 the
1579 1914 1703 2004 Latin

168 2035 217 2117 of
229 2037 406 2120 cardinal
427 2043 705 2122 Bonaventure
725 2042 777 2151 by
797 2041 907 2147 John
927 2043 1131 2149 Morton.]

222 2157 460 2263 Absentem
477 2161 605 2266 operis,

223 2285 251 2321 “
269 2277 432 2358 Attende
449 2280 557 2359 letior
574 2279 680 2382 hujus
697 2278 789 2359 libri
800 2296 916 2387 prout
918 2280 1090 2388 sequitur
1106 2283 1147 2361 in
1163 2278 1319 2387 Anglico
1329 2278 1485 2389 stripti
1511 2277 1605 2385 quad
1618 2275 1705 2357 ubi·

168 2404 196 2440 “
213 2423 349 2504 cunque
367 2398 410 2477 in
428 2401 596 2505 margine
619 2401 772 2506 ponitur
789 2402 902 2480 litera
920 2411 960 2506 N.
983 2401 1100 2482 verba
1114 2403 1208 2504 stent
1226 2397 1456 2504 translatoris
1465 2398 1551 2505 five
1568 2397 1700 2505 compi-

168 2523 195 2559 “
214 2512 347 2630 latoris⁸
361 2516 402 2596 in
419 2518 591 2624 Anglicis
606 2537 751 2626 prater
768 2519 837 2611 illa
854 2547 937 2624 qua*
954 2519 1164 2627 iofi’runtur
1181 2518 1221 2599 in
1240 2517 1333 2599 libro
1349 2517 1496 2626 scripto.
1508 2518 1708 2623 ,se’cunelum

168 2639 196 2676 ⁸⁸
214 2650 426 2713 comunem
444 2636 641 2743 opinionem
658 2667 682 2714 a
700 2637 904 2716 venerabili
921 2637 1059 2717 bobbone
1078 2641 1337 2718 Bonaventure
1355 2636 1394 2715 in
1409 2636 1550 2715 Latino
1567 2635 1609 2716 be
1628 2664 1701 2716 me-

171 2758 197 2795 “
216 2749 395 2832 bitatione
421 2754 516 2832 vita
535 2752 603 2833 Ibu
622 2754 771 2860 Christi,
792 2772 827 2835 et
845 2755 981 2863 quando
1003 2757 1227 2865 pervenitur
1252 2755 1305 2834 ad
1323 2753 1514 2862 pracestum
1531 2772 1568 2833 et
1585 2754 1702 2834 verba

168 2877 195 2914 ‘⁸
213 2869 362 2977 q'usdem
379 2873 531 2953 nonoris
549 2875 729 2982 inseritur
744 2876 787 2955 in
804 2877 972 2982 margine
989 2877 1103 2956 litera
1114 2882 1160 2977 ¹}ss
1171 2892 1285 2985 prout
1301 2874 1433 2982 legenti
1440 2874 1527 2981 five
1543 2874 1709 2955 intuenti

166 2997 192 3035 “
210 2989 319 3093 istum
333 2992 468 3072 librum
472 2994 618 3099 speculi
633 2995 728 3075 vita
747 2994 884 3099 Christi
903 2994 1021 3077 lucide
1031 2999 1171 3104 poterit
1190 2996 1403 3104 apparere.”

221 3120 248 3154 “
273 3111 546 3192 Memorandum
564 3113 774 3221 quodcirca
789 3142 929 3195 annum
944 3117 1105 3197 Domini
1129 3144 1244 3221 1410,
1267 3111 1461 3221 originalis
1479 3111 1586 3222 copia
1600 3112 1710 3218 braun

168 3228 306 3310 “libri
324 3230 466 3329 scilicet
478 3234 621 3338 Jpeculi
638 3232 731 3313 vita
749 3228 883 3336 Christi
902 3236 944 3314 in
957 3236 1130 3341 Aooglicis
1143 3236 1423 3344 presentabatur
1442 3250 1515 3341 per
1532 3236 1705 3343 compila-

168 3359 196 3393 “
214 3366 326 3428 torem
353 3349 502 3455 ejusdem
530 3347 622 3475 ff,
647 3350 931 3457 revereuloffimo
958 3354 998 3432 in
1024 3353 1164 3460 Christo
1185 3356 1310 3462 patri,
1336 3370 1373 3433 et
1399 3352 1536 3433 domino
1562 3349 1709 3435 Tboma

168 3478 195 3515 ‘⁸
214 3469 399 3550 Arundell
414 3473 593 3551 Cantuar.
613 3472 871 3581 archieposcopo
890 3473 942 3553 ad
965 3474 1226 3581 irffpicienlum·
1242 3494 1276 3554 et
1295 3473 1412 3554 debite
1426 3472 1710 3558 examinandum

167 3599 195 3635 ‘⁴
213 3578 412 3697 antequam
419 3591 559 3696 fuerat
577 3591 671 3671 liber
688 3593 993 3673 comnmniaatus:
1023 3594 1089 3701 qai
1103 3594 1180 3700 post
1196 3595 1446 3702 inspealioneru
1465 3593 1618 3701 ejusdem
1634 3612 1706 3702 per

169 3718 196 3756 ‘¹
214 3707 292 3788 lues.
317 3710 457 3817 aliquot
483 3708 670 3790 retradens
695 3709 801 3814 istum
822 3712 962 3791 librum
986 3730 1176 3792 memorato
1201 3710 1418 3818 transsatori·
1438 3712 1587 3817 ejusdem
1612 3713 1709 3794 libri·

168 3838 195 3876 “
208 3828 372 3937 propria
391 3828 491 3909 nocio
508 3830 649 3910 oraculo
668 3830 783 3936 ipfiom
800 3832 842 3912 in
864 3831 1014 3938 singulis
1032 3832 1293 3914 commendavit
1310 3852 1347 3914 et
1362 3832 1595 3942 approbavit,
1620 3863 1711 3914 nec—

169 3962 196 3997 “
215 3979 283 4031 non
299 3967 336 4030 et
353 3953 575 4032 aubioritate
588 3953 664 4060 stoa
691 3952 954 4059 metropolitica
979 3970 1098 4059 utpote
1116 3955 1328 4035 catholicum
1347 3954 1496 4060 publice
1510 3957 1705 4035 communi·

169 4080 196 4116 “
215 4069 464 4177 candumfore
477 4072 640 4151 decrevit
653 4089 688 4150 et
704 4070 899 4152 mandavit
912 4071 1131 4174 adfidelium
1144 4072 1406 4180 edificationem
1416 4092 1450 4152 et
1467 4071 1710 4154 hereticorum·

169 4191 286 4296 “five
303 4192 558 4273 Lollardorum
577 4192 866 4296 conmutationem.
894 4192 1099 4271 ΑΜΕ-Ν.

223 4338 261 4393 2.
292 4315 330 4391 Α
351 4300 487 4391 tretiee
510 4313 558 4393 of
580 4312 625 4418 loe
655 4309 816 4422 highest
848 4309 929 4389 and
955 4311 1082 4390 moste
1109 4307 1242 4419 worby
1262 4306 1484 4391 Iacmment
1505 4308 1555 4390 of
1577 4310 1706 4394 Cn'stn

287 4429 426 4512 bleffid
446 4433 548 4542 body
570 4434 651 4513 and
669 4432 713 4539 loe
734 4428 1078 4540 merveilisberof.

1589 4577 1628 4660 3·
1655 4554 1709 4663 le·

225 4840 589 4923 ch1.]Vn.ca.o.
609 4841 658 4906 16.
676 4840 777 4906 MSS..
789 4842 872 4922 Angt.
893 4859 1097 4925 runo-224.
1216 4864 1219 4869 ¹

224 4935 385 5017 CXLII]⁸
397 4935 460 5003 Vn.
480 4936 544 4999 Cot.
560 4935 602 4999 R.
620 4956 649 5001 2.
670 4935 764 5000 MSS.
781 4936 1094 5023 Angl..1·.432,-n55‚

227 5028 531 5115 1.]5Vioech111„
547 5051 575 5095 ι.
592 5028 747 5097 CCLVIv
758 5051 789 5100 u.
804 5028 965 5097 CCXIII.

227 5124 363 5209 2·]Vobr
377 5122 577 5192 CXLIIItz.
1049 5122 1052 5127 ’
