4214 5910
840 700 1027 801 CXIII.
1477 703 1479 707 ’
1640 732 1742 842 135-

243 892 313 976 16.
341 884 522 1002 Epistola
549 880 717 969 Sturmii
744 884 795 972 ad
812 872 1064 971 ¹hscha'mum
1090 885 1185 972 data
1204 885 1464 999 Argentorati
1487 886 1609 976 nonis
1630 893 1741 1007 Sept.

348 1037 468 1122 1550,
494 1008 539 1093 in
558 1034 641 1120 qua
658 1005 743 1092 fuse
761 1008 845 1121 agit
863 1008 1095 1093 de'ratione
1113 1035 1237 1120 quam
1257 1011 1436 1094 observat
1455 1011 1500 1095 in
1523 1011 1739 1120 juvenibus

179 1178 183 1184 ,
339 1129 610 1228 instituendis,
632 1146 673 1213 et
690 1129 789 1215 dicit
807 1132 844 1215 se
862 1129 1002 1215 misisse
1020 1133 1103 1215 duo
1122 1133 1363 1245 exemplaria
1378 1133 1438 1218 sui
1454 1133 1579 1221 libelli
1597 1138 1680 1250 regi
1696 1159 1737 1224 et

339 1254 513 1339 domina
528 1251 776 1337 Elizabethae
793 1252 919 1338 sorori
938 1252 1038 1363 ejus,
1060 1271 1103 1364 p.
1125 1282 1215 1360 141.

240 1382 310 1488 s17.
337 1375 519 1488 Epistola
543 1373 718 1458 Martini
736 1373 954 1486 Schellingi
976 1377 1027 1459 ad
1045 1374 1355 1487 Argentinenses
1381 1381 1475 1463 data
1491 1378 1738 1466 Wolsachiae

164 1575 167 1579 ,
344 1526 395 1582 1ο
414 1502 521 1612 Sept.
546 1526 664 1611 1541,
690 1496 814 1582 decis
840 1525 932 1610 quae
956 1497 1000 1584 in
1021 1500 1180 1586 ecclefia
1197 1500 1479 1612 Argentinenfi
1507 1504 1638 1588 adhuc
1656 1505 1734 1589 smt

336 1620 585 1731 corrigenda,
607 1641 652 1732 p.
673 1648 763 1732 155.

237 1735 307 1828 '18.
336 1742 518 1855 Epistola
539 1743 718 1856 Philippi
737 1742 1045 1828 Melanchtonis
1060 1744 1111 1828 ad
1132 1747 1333 1830 Bucerum
1360 1745 1455 1830 data
1479 1772 1527 1829 12
1555 1744 1619 1830 die
1637 1747 1739 1855 Jarr.

337 1869 451 1978 quod
469 1866 690 1981 imperator
700 1883 741 1948 et
751 1894 819 1949 rex
831 1867 1013 1951 Gallicus
1026 1867 1308 1953 consensertmt
1319 1885 1367 1952 ut
1381 1865 1599 1951 concilium
1610 1894 1736 1979 gene-

336 1990 419 2071 rale
438 2016 509 2103 per
526 1987 762 2100 pontificem
782 1986 1025 2073 indiceretur
1043 2007 1084 2072 et
1103 1991 1290 2075 Tridenti
1309 1991 1535 2088 haberetur,
1557 2007 1600 2100 p.
1623 1992 1670 2074 16
1674 2016 1716 2100 ς.

244 2135 307 2220 19.
333 2109 428 2192 The
450 2136 591 2196 names
610 2109 659 2193 of
679 2109 749 2193 the
772 2111 971 2194 members
991 2110 1042 2194 of
1064 2109 1134 2194 the
1152 2112 1420 2197 convocation
1439 2110 1529 2195 that
1547 2139 1650 2197 were
1668 2112 1735 2197 for

337 2258 386 2315 or
403 2232 557 2342 against
574 2231 712 2342 priests
732 2231 943 2343 marriage,
969 2233 1085 2343 1548,
1107 2253 1151 2344 p.
1174 2260 1263 2344 170.

240 2377 305 2437 2ο.
335 2352 427 2435 The
446 2353 615 2465 opinion
633 2354 681 2435 os
698 2357 753 2435 T.
768 2353 968 2437 Redmain
988 2353 1159 2439 infavor
1172 2357 1220 2437 of
1235 2353 1341 2438 their
1354 2349 1571 2464 marriage,
1579 2368 1621 2464 p.
1640 2358 1736 2464 174..

239 2499 305 2559 21.
334 2478 399 2558 De
423 2472 618 2584 conjugio
639 2475 903 2572 sacerdotum,
934 2503 987 2559 an
1015 2474 1132 2559 liceat
1151 2475 1268 2565 sacris
1297 2473 1467 2559 initiatis
1497 2477 1741 2560 contrahere

334 2591 670 2680 matrimonium:
699 2593 921 2706 firmatur.
951 2613 1091 2681 autore
1118 2597 1302 2682 Iohanne
1327 2595 1577 2680 Macchabeo
1598 2601 1733 2696 Scoto,

328 2733 372 2826 p·
393 2743 485 2829 175·

215 2850 304 2926 22.
332 2839 541 2953 Proposrta
559 2840 608 2923 de
625 2841 748 2926 veteri
766 2856 806 2925 et
824 2869 932 2926 noro
950 2841 1222 2928 instrumento
1237 2867 1286 2925 er
1304 2839 1508 2954 scripturis
1523 2835 1741 2952 utriusque

334 2961 575 3045 testamenti.
597 2982 641 3073 p.
662 2963 753 3072 189.

239 3108 305 3194 23.
334 3087 403 3167 An
422 3082 687 3169 fimoniacum
706 3087 754 3170 sit
782 3112 942 3170 necnon
969 3082 1121 3194 aliquid
1138 3082 1294 3195 exigere
1313 3083 1365 3168 ab
1384 3081 1518 3196 coqui
1547 3085 1599 3166 ad
1625 3108 1732 3194 proe-

335 3207 510 3291 bendam
536 3206 677 3290 assumi
705 3209 824 3291 debet
851 3205 1160 3307 ecclesiasticam,
1191 3233 1408 3321 quocunqe
1434 3205 1536 3290 illud
1565 3204 1738 3292 nomine·

335 3325 546 3435 exigatur?
576 3346 747 3438 negatur.
768 3345 811 3438 p.
834 3353 924 3438 197.
1219 3428 1228 3441 ι

237 3475 303 3557 24.
331 3454 401 3532 An
428 3451 581 3561 templa
599 3449 827 3534 consecrata
853 3447 939 3533 filio
958 3449 1037 3534 Dei
1064 3449 1173 3533 bona
1199 3446 1441 3534 conscientia
1460 3447 1736 3534 Anti-christo-

333 3565 411 3654 srnt
429 3569 673 3656 deferenda?
700 3590 869 3682 negatur.
894 3592 940 3684 p.
953 3600 1055 3656 201..

238 3719 262 3776 2
266 3719 303 3805 5.
332 3696 432 3776 Non
446 3694 589 3776 debere
603 3719 662 3776 res
678 3692 965 3793 ecclesiasticas,
986 3695 1036 3779 ad
1053 3691 1264 3804 publicum
1279 3691 1377 3776 sacri
1391 3688 1600 3777 ministerii
1612 3689 1733 3776 usum

334 3811 562 3913 destinatas,
591 3814 642 3896 ad
662 3810 761 3896 alios
781 3813 875 3897 usus
895 3833 965 3898 aut
993 3815 1044 3897 ad
1068 3814 1241 3926 privatas
1267 3811 1484 3896 hominum
1504 3811 1732 3896 commodi-

234 3925 239 3933 ’
333 3952 436 4020 tates
465 3933 698 4030 transferri,
728 3954 778 4041 et¹
794 3933 965 4046 proinde
992 3962 1077 4018 non
1106 3933 1213 4048 posse
1241 3935 1349 4016 bona
1375 3960 1470 4017 curn
1489 3932 1735 4017 conscientia

334 4058 566 4171 episcopum
595 4057 771 4170 aliquem
800 4057 1051 4169 designatum
1081 4078 1153 4141 aut
1180 4057 1470 4168 defignandum
1497 4054 1729 4166 hujusmodi

334 4180 645 4266 alienationibus
665 4176 898 4262 consentire.
920 4197 963 4288 p.
983 4205 1076 4288 ²07·
1096 4210 1133 4260 a.

193 4398 199 4407 ,
237 4304 305 4386 26.
335 4309 402 4385 An
421 4302 536 4384 liceat
556 4295 817 4383 ecclesiasticae
835 4299 1011 4410 personae
1030 4327 1078 4381 ea
1094 4296 1325 4382 conditione
1342 4295 1582 4407 ‹fignitatem
1600 4297 1729 4380 eccle·-

211 4426 215 4434 ’
331 4421 523 4509 fiastieam
553 4438 770 4533 acceptare,
800 4436 848 4503 ut
876 4420 965 4537 post
993 4417 1281 4534 susceptionem
1314 4417 1471 4528 aliquos
1503 4434 1724 4528 proventus

330 4545 439 4631 illius
468 4544 676 4656 dignitatis
706 4544 757 4627 ab
782 4542 940 4629 ecclelia
967 4541 1157 4629 alienaret
1183 4540 1229 4628 in
1256 4557 1498 4656 perpetuum
1511 4546 1532 4626 l·
1554 4559 1732 4652 negatur.

212 4674 215 4679 Ι
330 4688 371 4781 ρ’
389 4669 532 4780 ms·
702 4686 705 4691 ·
1563 4798 1629 4886 27.
1657 4777 1731 4857 An

242 5073 311 5163 ro]
327 5073 397 5145 Vrde
412 5070 536 5138 CXIV.
557 5095 628 5162 131.
646 5072 771 5140 CXXI.
788 5075 822 5142 6.

242 5177 313 5266 2ο.]
330 5176 399 5251 Vide
413 5178 538 5250 CXIV.
558 5202 631 5271 132·
647 5176 777 5247 CXXI.
788 5180 824 5249 6.
