<?xml version="1.0" encoding="UTF-8"?>
<!DOCTYPE html PUBLIC "-//W3C//DTD XHTML 1.0 Transitional//EN"
    "http://www.w3.org/TR/xhtml1/DTD/xhtml1-transitional.dtd">
<html xmlns="http://www.w3.org/1999/xhtml" xml:lang="en" lang="en">
 <head>
  <title>
</title>
<meta http-equiv="Content-Type" content="text/html;charset=utf-8" />
  <meta name='ocr-system' content='tesseract 3.04.00' />
  <meta name='ocr-capabilities' content='ocr_page ocr_carea ocr_par ocr_line ocrx_word'/>
</head>
<body>
  <div class='ocr_page' id='page_1' title='image "./cataloguslibror00librgoog_0244.png"; bbox 0 0 4244 5910; ppageno 0'>
   <div class='ocr_carea' id='block_1_1' title="bbox 868 585 1781 729">
    <p class='ocr_par' dir='ltr' id='par_1_1' title="bbox 868 528 1781 729">
     <span class='ocr_line' id='line_1_1' title="bbox 868 585 1781 729; baseline 0.007 -51"><span class='ocrx_word' id='word_1_1' title='bbox 868 585 1090 683; x_wconf 82' lang='lat' dir='ltr'><strong>CLXVI.</strong></span> <span class='ocrx_word' id='word_1_2' title='bbox 1687 618 1781 729; x_wconf 72' lang='lat'>²3³</span> 
     </span>
    </p>
   </div>
   <div class='ocr_carea' id='block_1_2' title="bbox 296 767 1783 4296">
    <p class='ocr_par' dir='ltr' id='par_1_2' title="bbox 387 767 1783 1130">
     <span class='ocr_line' id='line_1_2' title="bbox 391 767 1783 890; baseline -0.004 -27"><span class='ocrx_word' id='word_1_3' title='bbox 391 774 622 890; x_wconf 87' lang='lat' dir='ltr'>responsiva,</span> <span class='ocrx_word' id='word_1_4' title='bbox 638 773 680 857; x_wconf 92' lang='lat' dir='ltr'>in</span> <span class='ocrx_word' id='word_1_5' title='bbox 695 799 775 883; x_wconf 90' lang='lat' dir='ltr'>qua</span> <span class='ocrx_word' id='word_1_6' title='bbox 791 768 873 881; x_wconf 88' lang='lat' dir='ltr'>agit</span> <span class='ocrx_word' id='word_1_7' title='bbox 887 772 1091 881; x_wconf 88' lang='lat' dir='ltr'>quomodo</span> <span class='ocrx_word' id='word_1_8' title='bbox 1106 767 1297 853; x_wconf 82' lang='lat' dir='ltr'>catholice</span> <span class='ocrx_word' id='word_1_9' title='bbox 1314 770 1560 879; x_wconf 86' lang='lat' dir='ltr'>loquendum</span> <span class='ocrx_word' id='word_1_10' title='bbox 1576 768 1680 856; x_wconf 89' lang='lat' dir='ltr'>litde</span> <span class='ocrx_word' id='word_1_11' title='bbox 1698 774 1783 860; x_wconf 84' lang='lat' dir='ltr'>sor-¹</span> 
     </span>
     <span class='ocr_line' id='line_1_3' title="bbox 387 891 1780 1006; baseline -0.001 -22"><span class='ocrx_word' id='word_1_12' title='bbox 387 922 489 984; x_wconf 90' lang='lat' dir='ltr'>tuna</span> <span class='ocrx_word' id='word_1_13' title='bbox 521 919 560 980; x_wconf 84' lang='lat' dir='ltr'>et</span> <span class='ocrx_word' id='word_1_14' title='bbox 590 896 687 993; x_wconf 89' lang='lat' dir='ltr'>sato,</span> <span class='ocrx_word' id='word_1_15' title='bbox 718 916 758 977; x_wconf 91' lang='lat' dir='ltr'>et</span> <span class='ocrx_word' id='word_1_16' title='bbox 788 892 899 1006; x_wconf 90' lang='lat' dir='ltr'>quod</span> <span class='ocrx_word' id='word_1_17' title='bbox 923 892 1025 976; x_wconf 90' lang='lat' dir='ltr'>astra</span> <span class='ocrx_word' id='word_1_18' title='bbox 1057 922 1142 976; x_wconf 89' lang='lat' dir='ltr'>non</span> <span class='ocrx_word' id='word_1_19' title='bbox 1164 891 1390 975; x_wconf 87' lang='lat' dir='ltr'>necessitant</span> <span class='ocrx_word' id='word_1_20' title='bbox 1410 892 1459 973; x_wconf 89' lang='lat' dir='ltr'>ad</span> <span class='ocrx_word' id='word_1_21' title='bbox 1476 892 1591 976; x_wconf 88' lang='lat' dir='ltr'>hosce</span> <span class='ocrx_word' id='word_1_22' title='bbox 1609 892 1780 981; x_wconf 82' lang='lat' dir='ltr'>sinistros</span> 
     </span>
     <span class='ocr_line' id='line_1_4' title="bbox 389 1019 744 1130; baseline -0.02 -25"><span class='ocrx_word' id='word_1_23' title='bbox 389 1039 565 1105; x_wconf 89' lang='lat' dir='ltr'>eventus.</span> <span class='ocrx_word' id='word_1_24' title='bbox 582 1021 657 1130; x_wconf 88' lang='lat' dir='ltr'>sol.</span> <span class='ocrx_word' id='word_1_25' title='bbox 680 1019 744 1114; x_wconf 88' lang='lat'>88,</span> 
     </span>
    </p>

    <p class='ocr_par' dir='ltr' id='par_1_3' title="bbox 299 1134 1778 1500">
     <span class='ocr_line' id='line_1_5' title="bbox 299 1134 1778 1255; baseline -0.003 -23"><span class='ocrx_word' id='word_1_26' title='bbox 299 1177 361 1232; x_wconf 93' lang='grc'>11.</span> <span class='ocrx_word' id='word_1_27' title='bbox 390 1144 567 1255; x_wconf 87' lang='lat' dir='ltr'>Epistola</span> <span class='ocrx_word' id='word_1_28' title='bbox 583 1147 627 1224; x_wconf 92' lang='lat' dir='ltr'><strong>B.</strong></span> <span class='ocrx_word' id='word_1_29' title='bbox 643 1140 810 1222; x_wconf 87' lang='lat' dir='ltr'>Platinae</span> <span class='ocrx_word' id='word_1_30' title='bbox 829 1137 1067 1251; x_wconf 86' lang='lat' dir='ltr'>ad—eundem</span> <span class='ocrx_word' id='word_1_31' title='bbox 1089 1137 1331 1220; x_wconf 88' lang='lat' dir='ltr'>Rodericum</span> <span class='ocrx_word' id='word_1_32' title='bbox 1350 1134 1620 1236; x_wconf 86' lang='lat' dir='ltr'>castellanum,</span> <span class='ocrx_word' id='word_1_33' title='bbox 1639 1142 1778 1254; x_wconf 88' lang='lat' dir='ltr'>deplo-</span> 
     </span>
     <span class='ocr_line' id='line_1_6' title="bbox 389 1257 1775 1372; baseline 0 -24"><span class='ocrx_word' id='word_1_34' title='bbox 389 1293 480 1349; x_wconf 85' lang='lat' dir='ltr'>rans</span> <span class='ocrx_word' id='word_1_35' title='bbox 500 1262 751 1348; x_wconf 89' lang='lat' dir='ltr'>insirmitates</span> <span class='ocrx_word' id='word_1_36' title='bbox 771 1260 1040 1372; x_wconf 88' lang='lat' dir='ltr'>captivitatem</span> <span class='ocrx_word' id='word_1_37' title='bbox 1060 1277 1098 1341; x_wconf 90' lang='lat' dir='ltr'>et</span> <span class='ocrx_word' id='word_1_38' title='bbox 1119 1258 1341 1343; x_wconf 87' lang='lat' dir='ltr'>infortunia</span> <span class='ocrx_word' id='word_1_39' title='bbox 1360 1257 1442 1354; x_wconf 89' lang='lat' dir='ltr'>sua,</span> <span class='ocrx_word' id='word_1_40' title='bbox 1468 1287 1558 1370; x_wconf 89' lang='lat' dir='ltr'>quae</span> <span class='ocrx_word' id='word_1_41' title='bbox 1576 1260 1672 1347; x_wconf 92' lang='lat' dir='ltr'>dicit</span> <span class='ocrx_word' id='word_1_42' title='bbox 1691 1293 1775 1348; x_wconf 92' lang='lat' dir='ltr'>non</span> 
     </span>
     <span class='ocr_line' id='line_1_7' title="bbox 386 1383 974 1500; baseline -0.005 -33"><span class='ocrx_word' id='word_1_43' title='bbox 386 1386 491 1500; x_wconf 85' lang='lat' dir='ltr'>posse</span> <span class='ocrx_word' id='word_1_44' title='bbox 508 1384 637 1467; x_wconf 89' lang='lat' dir='ltr'>curari</span> <span class='ocrx_word' id='word_1_45' title='bbox 657 1384 797 1465; x_wconf 88' lang='lat' dir='ltr'>verbis.</span> <span class='ocrx_word' id='word_1_46' title='bbox 812 1383 888 1491; x_wconf 84' lang='lat' dir='ltr'>fol.</span> <span class='ocrx_word' id='word_1_47' title='bbox 909 1411 974 1491; x_wconf 77' lang='lat'>92</span> 
     </span>
    </p>

    <p class='ocr_par' dir='ltr' id='par_1_4' title="bbox 296 1500 1773 1986">
     <span class='ocr_line' id='line_1_8' title="bbox 296 1500 1773 1642; baseline -0.003 -45"><span class='ocrx_word' id='word_1_48' title='bbox 296 1540 359 1597; x_wconf 89' lang='lat'><strong>12.</strong></span> <span class='ocrx_word' id='word_1_49' title='bbox 389 1508 566 1620; x_wconf 87' lang='lat' dir='ltr'>Epistola</span> <span class='ocrx_word' id='word_1_50' title='bbox 579 1505 762 1588; x_wconf 87' lang='lat' dir='ltr'>Roderici</span> <span class='ocrx_word' id='word_1_51' title='bbox 775 1502 945 1642; x_wconf 85' lang='lat' dir='ltr'>episcopi</span> <span class='ocrx_word' id='word_1_52' title='bbox 964 1520 1003 1583; x_wconf 91' lang='lat' dir='ltr'>et</span> <span class='ocrx_word' id='word_1_53' title='bbox 1016 1502 1211 1585; x_wconf 90' lang='lat' dir='ltr'>castellani</span> <span class='ocrx_word' id='word_1_54' title='bbox 1226 1500 1455 1641; x_wconf 65' lang='lat' dir='ltr'>responsiva,</span> <span class='ocrx_word' id='word_1_55' title='bbox 1469 1504 1578 1613; x_wconf 91' lang='lat' dir='ltr'>quod</span> <span class='ocrx_word' id='word_1_56' title='bbox 1593 1504 1682 1590; x_wconf 87' lang='lat' dir='ltr'>licet</span> <span class='ocrx_word' id='word_1_57' title='bbox 1702 1509 1773 1593; x_wconf 88' lang='lat' dir='ltr'>ali-</span> 
     </span>
     <span class='ocr_line' id='line_1_9' title="bbox 387 1623 1773 1747; baseline 0.001 -34"><span class='ocrx_word' id='word_1_58' title='bbox 387 1631 487 1742; x_wconf 91' lang='lat' dir='ltr'>quid</span> <span class='ocrx_word' id='word_1_59' title='bbox 496 1630 651 1711; x_wconf 92' lang='lat' dir='ltr'>dolores</span> <span class='ocrx_word' id='word_1_60' title='bbox 662 1654 837 1739; x_wconf 90' lang='lat' dir='ltr'>corporis</span> <span class='ocrx_word' id='word_1_61' title='bbox 852 1623 1099 1708; x_wconf 73' lang='lat' dir='ltr'>intelledium</span> <span class='ocrx_word' id='word_1_62' title='bbox 1119 1624 1357 1747; x_wconf 87' lang='lat' dir='ltr'>impediunt,</span> <span class='ocrx_word' id='word_1_63' title='bbox 1382 1623 1454 1734; x_wconf 91' lang='lat' dir='ltr'>qui</span> <span class='ocrx_word' id='word_1_64' title='bbox 1473 1644 1606 1708; x_wconf 90' lang='lat' dir='ltr'>tamen</span> <span class='ocrx_word' id='word_1_65' title='bbox 1624 1624 1773 1714; x_wconf 89' lang='lat' dir='ltr'>intense</span> 
     </span>
     <span class='ocr_line' id='line_1_10' title="bbox 386 1744 1771 1861; baseline 0 -25"><span class='ocrx_word' id='word_1_66' title='bbox 386 1758 521 1837; x_wconf 92' lang='lat' dir='ltr'>Deum</span> <span class='ocrx_word' id='word_1_67' title='bbox 550 1765 660 1833; x_wconf 90' lang='lat' dir='ltr'>amat</span> <span class='ocrx_word' id='word_1_68' title='bbox 684 1767 724 1831; x_wconf 93' lang='lat' dir='ltr'>et</span> <span class='ocrx_word' id='word_1_69' title='bbox 742 1746 987 1860; x_wconf 86' lang='lat' dir='ltr'>speculativis</span> <span class='ocrx_word' id='word_1_70' title='bbox 1011 1745 1196 1843; x_wconf 87' lang='lat' dir='ltr'>intendit,</span> <span class='ocrx_word' id='word_1_71' title='bbox 1225 1777 1311 1831; x_wconf 93' lang='lat' dir='ltr'>non</span> <span class='ocrx_word' id='word_1_72' title='bbox 1339 1744 1456 1829; x_wconf 89' lang='lat' dir='ltr'>sentit</span> <span class='ocrx_word' id='word_1_73' title='bbox 1481 1746 1553 1829; x_wconf 88' lang='lat' dir='ltr'>has</span> <span class='ocrx_word' id='word_1_74' title='bbox 1581 1750 1771 1861; x_wconf 88' lang='lat' dir='ltr'>passiones</span> 
     </span>
     <span class='ocr_line' id='line_1_11' title="bbox 387 1868 1771 1986; baseline -0.004 -29"><span class='ocrx_word' id='word_1_75' title='bbox 387 1871 578 1985; x_wconf 82' lang='lat' dir='ltr'>corporis,</span> <span class='ocrx_word' id='word_1_76' title='bbox 590 1888 631 1954; x_wconf 89' lang='lat' dir='ltr'>et</span> <span class='ocrx_word' id='word_1_77' title='bbox 643 1873 690 1953; x_wconf 94' lang='lat' dir='ltr'>de</span> <span class='ocrx_word' id='word_1_78' title='bbox 706 1869 828 1953; x_wconf 92' lang='lat' dir='ltr'>causis</span> <span class='ocrx_word' id='word_1_79' title='bbox 841 1897 962 1980; x_wconf 83' lang='lat' dir='ltr'>quare</span> <span class='ocrx_word' id='word_1_80' title='bbox 981 1869 1077 1951; x_wconf 92' lang='lat' dir='ltr'>boni</span> <span class='ocrx_word' id='word_1_81' title='bbox 1096 1868 1167 1951; x_wconf 90' lang='lat' dir='ltr'>has</span> <span class='ocrx_word' id='word_1_82' title='bbox 1180 1871 1373 1953; x_wconf 87' lang='lat' dir='ltr'>molestias</span> <span class='ocrx_word' id='word_1_83' title='bbox 1391 1868 1612 1979; x_wconf 90' lang='lat' dir='ltr'>patiuntur.</span> <span class='ocrx_word' id='word_1_84' title='bbox 1617 1875 1692 1983; x_wconf 85' lang='lat' dir='ltr'>fiil.</span> <span class='ocrx_word' id='word_1_85' title='bbox 1683 1904 1771 1986; x_wconf 88' lang='lat'><strong>..93</strong></span> 
     </span>
    </p>

    <p class='ocr_par' dir='ltr' id='par_1_5' title="bbox 296 1990 1771 2470">
     <span class='ocr_line' id='line_1_12' title="bbox 296 1990 1771 2112; baseline -0.002 -28"><span class='ocrx_word' id='word_1_86' title='bbox 296 2030 357 2112; x_wconf 91' lang='grc'><strong>13.</strong></span> <span class='ocrx_word' id='word_1_87' title='bbox 386 1996 565 2109; x_wconf 88' lang='lat' dir='ltr'>Epistola</span> <span class='ocrx_word' id='word_1_88' title='bbox 585 1997 629 2075; x_wconf 92' lang='lat' dir='ltr'><strong>B.</strong></span> <span class='ocrx_word' id='word_1_89' title='bbox 644 1993 809 2075; x_wconf 85' lang='lat' dir='ltr'>Platinae</span> <span class='ocrx_word' id='word_1_90' title='bbox 826 1995 875 2074; x_wconf 92' lang='lat' dir='ltr'>ad</span> <span class='ocrx_word' id='word_1_91' title='bbox 886 1992 1056 2073; x_wconf 88' lang='lat' dir='ltr'>eundem</span> <span class='ocrx_word' id='word_1_92' title='bbox 1073 1990 1314 2074; x_wconf 88' lang='lat' dir='ltr'>Rodeiicum</span> <span class='ocrx_word' id='word_1_93' title='bbox 1333 1992 1631 2091; x_wconf 91' lang='lat' dir='ltr'>castellanum,</span> <span class='ocrx_word' id='word_1_94' title='bbox 1622 2023 1667 2078; x_wconf 93' lang='lat' dir='ltr'>in</span> <span class='ocrx_word' id='word_1_95' title='bbox 1691 2023 1771 2107; x_wconf 88' lang='lat' dir='ltr'>qua</span> 
     </span>
     <span class='ocr_line' id='line_1_13' title="bbox 383 2112 1771 2229; baseline -0.001 -27"><span class='ocrx_word' id='word_1_96' title='bbox 383 2117 612 2229; x_wconf 89' lang='lat' dir='ltr'>superatum</span> <span class='ocrx_word' id='word_1_97' title='bbox 632 2114 669 2197; x_wconf 92' lang='lat' dir='ltr'>se</span> <span class='ocrx_word' id='word_1_98' title='bbox 687 2113 813 2197; x_wconf 82' lang='lat' dir='ltr'>asserit</span> <span class='ocrx_word' id='word_1_99' title='bbox 832 2112 1052 2196; x_wconf 64' lang='lat' dir='ltr'>rationibus</span> <span class='ocrx_word' id='word_1_100' title='bbox 1068 2113 1279 2211; x_wconf 87' lang='lat' dir='ltr'>castellani,</span> <span class='ocrx_word' id='word_1_101' title='bbox 1300 2132 1464 2196; x_wconf 88' lang='lat' dir='ltr'>manent</span> <span class='ocrx_word' id='word_1_102' title='bbox 1478 2130 1614 2199; x_wconf 89' lang='lat' dir='ltr'>tamen</span> <span class='ocrx_word' id='word_1_103' title='bbox 1628 2117 1771 2227; x_wconf 74' lang='lat' dir='ltr'>aliqua</span> 
     </span>
     <span class='ocr_line' id='line_1_14' title="bbox 386 2231 1768 2349; baseline 0.002 -27"><span class='ocrx_word' id='word_1_104' title='bbox 386 2239 574 2323; x_wconf 86' lang='lat' dir='ltr'>molestiae</span> <span class='ocrx_word' id='word_1_105' title='bbox 595 2237 785 2349; x_wconf 88' lang='lat' dir='ltr'>reliquiae,</span> <span class='ocrx_word' id='word_1_106' title='bbox 806 2235 953 2348; x_wconf 89' lang='lat' dir='ltr'>quibus</span> <span class='ocrx_word' id='word_1_107' title='bbox 974 2231 1076 2346; x_wconf 89' lang='lat' dir='ltr'>petit</span> <span class='ocrx_word' id='word_1_108' title='bbox 1093 2234 1269 2318; x_wconf 88' lang='lat' dir='ltr'>adhiberi</span> <span class='ocrx_word' id='word_1_109' title='bbox 1288 2235 1567 2321; x_wconf 84' lang='lat' dir='ltr'>consolationis</span> <span class='ocrx_word' id='word_1_110' title='bbox 1587 2241 1768 2325; x_wconf 87' lang='lat' dir='ltr'>remedia.</span> 
     </span>
     <span class='ocr_line' id='line_1_15' title="bbox 404 2364 536 2470; baseline -0.023 -24"><span class='ocrx_word' id='word_1_111' title='bbox 404 2365 449 2446; x_wconf 85' lang='lat' dir='ltr'>os.</span> <span class='ocrx_word' id='word_1_112' title='bbox 471 2364 536 2470; x_wconf 91' lang='lat'>96.</span> 
     </span>
    </p>

    <p class='ocr_par' dir='ltr' id='par_1_6' title="bbox 296 2364 1769 3081">
     <span class='ocr_line' id='line_1_16' title="bbox 296 2364 1768 2595; baseline -0.002 -25"><span class='ocrx_word' id='word_1_113' title='bbox 296 2514 358 2594; x_wconf 86' lang='lat'><strong>14.</strong></span> <span class='ocrx_word' id='word_1_114' title='bbox 371 2364 564 2595; x_wconf 63' lang='lat' dir='ltr'>⁸ispistola</span> <span class='ocrx_word' id='word_1_115' title='bbox 581 2478 765 2566; x_wconf 87' lang='lat' dir='ltr'>Roderici</span> <span class='ocrx_word' id='word_1_116' title='bbox 782 2478 953 2592; x_wconf 87' lang='lat' dir='ltr'>episcopi</span> <span class='ocrx_word' id='word_1_117' title='bbox 967 2496 1007 2562; x_wconf 92' lang='lat' dir='ltr'>et</span> <span class='ocrx_word' id='word_1_118' title='bbox 1024 2479 1222 2564; x_wconf 88' lang='lat' dir='ltr'>castellani</span> <span class='ocrx_word' id='word_1_119' title='bbox 1240 2480 1289 2563; x_wconf 92' lang='lat' dir='ltr'>ad</span> <span class='ocrx_word' id='word_1_120' title='bbox 1309 2481 1479 2564; x_wconf 85' lang='lat' dir='ltr'>eundern</span> <span class='ocrx_word' id='word_1_121' title='bbox 1498 2480 1696 2567; x_wconf 89' lang='lat' dir='ltr'>Platinam</span> <span class='ocrx_word' id='word_1_122' title='bbox 1707 2510 1768 2567; x_wconf 90' lang='lat' dir='ltr'>re-</span> 
     </span>
     <span class='ocr_line' id='line_1_17' title="bbox 387 2601 1768 2716; baseline 0 -26"><span class='ocrx_word' id='word_1_123' title='bbox 387 2602 577 2716; x_wconf 90' lang='lat' dir='ltr'>sponsiva,</span> <span class='ocrx_word' id='word_1_124' title='bbox 596 2602 641 2686; x_wconf 92' lang='lat' dir='ltr'>in</span> <span class='ocrx_word' id='word_1_125' title='bbox 659 2630 739 2713; x_wconf 92' lang='lat' dir='ltr'>qua</span> <span class='ocrx_word' id='word_1_126' title='bbox 756 2601 853 2684; x_wconf 91' lang='lat' dir='ltr'>dicit</span> <span class='ocrx_word' id='word_1_127' title='bbox 872 2602 1078 2712; x_wconf 74' lang='lat' dir='ltr'>praedidias</span> <span class='ocrx_word' id='word_1_128' title='bbox 1098 2601 1281 2711; x_wconf 86' lang='lat' dir='ltr'>reliquias</span> <span class='ocrx_word' id='word_1_129' title='bbox 1301 2603 1523 2714; x_wconf 80' lang='lat' dir='ltr'>passionum</span> <span class='ocrx_word' id='word_1_130' title='bbox 1542 2622 1582 2687; x_wconf 91' lang='lat' dir='ltr'>et</span> <span class='ocrx_word' id='word_1_131' title='bbox 1599 2604 1768 2691; x_wconf 87' lang='lat' dir='ltr'>infelici·</span> 
     </span>
     <span class='ocr_line' id='line_1_18' title="bbox 384 2722 1769 2835; baseline 0.001 -25"><span class='ocrx_word' id='word_1_132' title='bbox 384 2744 515 2810; x_wconf 89' lang='lat' dir='ltr'>tatum</span> <span class='ocrx_word' id='word_1_133' title='bbox 534 2725 807 2809; x_wconf 89' lang='lat' dir='ltr'>humanarum</span> <span class='ocrx_word' id='word_1_134' title='bbox 825 2724 1036 2806; x_wconf 89' lang='lat' dir='ltr'>difficulter</span> <span class='ocrx_word' id='word_1_135' title='bbox 1059 2723 1189 2806; x_wconf 90' lang='lat' dir='ltr'>curari</span> <span class='ocrx_word' id='word_1_136' title='bbox 1211 2722 1327 2835; x_wconf 85' lang='lat' dir='ltr'>posse,</span> <span class='ocrx_word' id='word_1_137' title='bbox 1354 2724 1477 2807; x_wconf 88' lang='lat' dir='ltr'>veluti</span> <span class='ocrx_word' id='word_1_138' title='bbox 1500 2754 1549 2809; x_wconf 90' lang='lat' dir='ltr'>ex</span> <span class='ocrx_word' id='word_1_139' title='bbox 1568 2727 1769 2812; x_wconf 87' lang='lat' dir='ltr'>debilitate</span> 
     </span>
     <span class='ocr_line' id='line_1_19' title="bbox 385 2842 1766 2959; baseline 0.003 -28"><span class='ocrx_word' id='word_1_140' title='bbox 385 2865 426 2931; x_wconf 86' lang='lat' dir='ltr'>et</span> <span class='ocrx_word' id='word_1_141' title='bbox 450 2845 651 2959; x_wconf 86' lang='lat' dir='ltr'>pronitate</span> <span class='ocrx_word' id='word_1_142' title='bbox 679 2847 728 2928; x_wconf 92' lang='lat' dir='ltr'>ad</span> <span class='ocrx_word' id='word_1_143' title='bbox 753 2846 906 2927; x_wconf 91' lang='lat' dir='ltr'>malum</span> <span class='ocrx_word' id='word_1_144' title='bbox 927 2842 1215 2957; x_wconf 89' lang='lat' dir='ltr'>provenientes,</span> <span class='ocrx_word' id='word_1_145' title='bbox 1240 2863 1280 2926; x_wconf 91' lang='lat' dir='ltr'>et</span> <span class='ocrx_word' id='word_1_146' title='bbox 1302 2845 1433 2954; x_wconf 89' lang='lat' dir='ltr'>tangit</span> <span class='ocrx_word' id='word_1_147' title='bbox 1458 2847 1609 2955; x_wconf 85' lang='lat' dir='ltr'>egregie</span> <span class='ocrx_word' id='word_1_148' title='bbox 1628 2877 1766 2935; x_wconf 88' lang='lat' dir='ltr'>omnes</span> 
     </span>
     <span class='ocr_line' id='line_1_20' title="bbox 382 2964 1571 3081; baseline 0.001 -30"><span class='ocrx_word' id='word_1_149' title='bbox 382 2970 574 3081; x_wconf 75' lang='lat' dir='ltr'>passiones</span> <span class='ocrx_word' id='word_1_150' title='bbox 592 2968 730 3065; x_wconf 89' lang='lat' dir='ltr'>animi,</span> <span class='ocrx_word' id='word_1_151' title='bbox 751 2966 942 3050; x_wconf 88' lang='lat' dir='ltr'>adhibens</span> <span class='ocrx_word' id='word_1_152' title='bbox 960 2984 1101 3050; x_wconf 88' lang='lat' dir='ltr'>contra</span> <span class='ocrx_word' id='word_1_153' title='bbox 1119 2964 1204 3049; x_wconf 88' lang='lat' dir='ltr'>illas</span> <span class='ocrx_word' id='word_1_154' title='bbox 1224 2968 1406 3051; x_wconf 88' lang='lat' dir='ltr'>remedia.</span> <span class='ocrx_word' id='word_1_155' title='bbox 1411 2969 1485 3079; x_wconf 79' lang='lat' dir='ltr'>fiis.</span> <span class='ocrx_word' id='word_1_156' title='bbox 1506 2998 1571 3079; x_wconf 90' lang='lat'>97.</span> 
     </span>
    </p>

    <p class='ocr_par' dir='ltr' id='par_1_7' title="bbox 296 3088 1766 3685">
     <span class='ocr_line' id='line_1_21' title="bbox 296 3088 1765 3205; baseline -0.003 -26"><span class='ocrx_word' id='word_1_157' title='bbox 296 3122 357 3205; x_wconf 83' lang='lat'><strong>15.</strong></span> <span class='ocrx_word' id='word_1_158' title='bbox 384 3090 561 3202; x_wconf 88' lang='lat' dir='ltr'>Epistola</span> <span class='ocrx_word' id='word_1_159' title='bbox 591 3094 637 3174; x_wconf 91' lang='lat' dir='ltr'><strong>B.</strong></span> <span class='ocrx_word' id='word_1_160' title='bbox 657 3089 822 3172; x_wconf 89' lang='lat' dir='ltr'>Platinae</span> <span class='ocrx_word' id='word_1_161' title='bbox 846 3091 896 3171; x_wconf 92' lang='lat' dir='ltr'>ad</span> <span class='ocrx_word' id='word_1_162' title='bbox 920 3091 1091 3172; x_wconf 92' lang='lat' dir='ltr'>eundem</span> <span class='ocrx_word' id='word_1_163' title='bbox 1112 3089 1349 3185; x_wconf 82' lang='lat' dir='ltr'>Roden&#39;cum</span> <span class='ocrx_word' id='word_1_164' title='bbox 1376 3088 1644 3189; x_wconf 90' lang='lat' dir='ltr'>castellanum,</span> <span class='ocrx_word' id='word_1_165' title='bbox 1673 3118 1765 3175; x_wconf 89' lang='lat' dir='ltr'>eum</span> 
     </span>
     <span class='ocr_line' id='line_1_22' title="bbox 386 3208 1766 3308; baseline 0 -11"><span class='ocrx_word' id='word_1_166' title='bbox 386 3212 671 3298; x_wconf 88' lang='lat' dir='ltr'>commendaris</span> <span class='ocrx_word' id='word_1_167' title='bbox 686 3212 733 3292; x_wconf 92' lang='lat' dir='ltr'>de</span> <span class='ocrx_word' id='word_1_168' title='bbox 744 3208 926 3293; x_wconf 74' lang='lat' dir='ltr'>dostrina</span> <span class='ocrx_word' id='word_1_169' title='bbox 944 3227 984 3293; x_wconf 93' lang='lat' dir='ltr'>et</span> <span class='ocrx_word' id='word_1_170' title='bbox 997 3210 1261 3308; x_wconf 88' lang='lat' dir='ltr'>humanitate,</span> <span class='ocrx_word' id='word_1_171' title='bbox 1288 3212 1449 3293; x_wconf 91' lang='lat' dir='ltr'>tandem</span> <span class='ocrx_word' id='word_1_172' title='bbox 1468 3211 1702 3296; x_wconf 83' lang='lat' dir='ltr'>exhortatur</span> <span class='ocrx_word' id='word_1_173' title='bbox 1718 3233 1766 3298; x_wconf 93' lang='lat' dir='ltr'>ut</span> 
     </span>
     <span class='ocr_line' id='line_1_23' title="bbox 387 3331 1765 3444; baseline 0.001 -27"><span class='ocrx_word' id='word_1_174' title='bbox 387 3333 541 3432; x_wconf 91' lang='lat' dir='ltr'>scribat,</span> <span class='ocrx_word' id='word_1_175' title='bbox 579 3360 663 3444; x_wconf 93' lang='lat' dir='ltr'>quo</span> <span class='ocrx_word' id='word_1_176' title='bbox 685 3332 866 3415; x_wconf 89' lang='lat' dir='ltr'>antidoto</span> <span class='ocrx_word' id='word_1_177' title='bbox 893 3332 1008 3443; x_wconf 86' lang='lat' dir='ltr'>possit</span> <span class='ocrx_word' id='word_1_178' title='bbox 1037 3358 1175 3416; x_wconf 89' lang='lat' dir='ltr'>curare</span> <span class='ocrx_word' id='word_1_179' title='bbox 1199 3332 1389 3444; x_wconf 81' lang='lat' dir='ltr'>passiones</span> <span class='ocrx_word' id='word_1_180' title='bbox 1414 3331 1551 3430; x_wconf 89' lang='lat' dir='ltr'>animi,</span> <span class='ocrx_word' id='word_1_181' title='bbox 1588 3332 1765 3421; x_wconf 89' lang='lat' dir='ltr'>videlicet</span> 
     </span>
     <span class='ocr_line' id='line_1_24' title="bbox 386 3454 1764 3570; baseline 0.001 -31"><span class='ocrx_word' id='word_1_182' title='bbox 386 3456 592 3566; x_wconf 88' lang='lat' dir='ltr'>gaudium,</span> <span class='ocrx_word' id='word_1_183' title='bbox 612 3456 731 3565; x_wconf 90' lang='lat' dir='ltr'>spem,</span> <span class='ocrx_word' id='word_1_184' title='bbox 751 3454 928 3537; x_wconf 91' lang='lat' dir='ltr'>dolorem</span> <span class='ocrx_word' id='word_1_185' title='bbox 941 3471 980 3535; x_wconf 91' lang='lat' dir='ltr'>et</span> <span class='ocrx_word' id='word_1_186' title='bbox 992 3471 1159 3553; x_wconf 91' lang='lat' dir='ltr'>metum</span> <span class='ocrx_word' id='word_1_187' title='bbox 1180 3454 1328 3564; x_wconf 92' lang='lat' dir='ltr'>etquid</span> <span class='ocrx_word' id='word_1_188' title='bbox 1337 3473 1566 3566; x_wconf 89' lang='lat' dir='ltr'>opponatur</span> <span class='ocrx_word' id='word_1_189' title='bbox 1578 3454 1659 3540; x_wconf 88' lang='lat' dir='ltr'>istis</span> <span class='ocrx_word' id='word_1_190' title='bbox 1677 3457 1764 3570; x_wconf 92' lang='lat' dir='ltr'>pas·</span> 
     </span>
     <span class='ocr_line' id='line_1_25' title="bbox 387 3575 1180 3685; baseline -0.003 -24"><span class='ocrx_word' id='word_1_191' title='bbox 387 3577 577 3675; x_wconf 89' lang='lat' dir='ltr'>sionibus,</span> <span class='ocrx_word' id='word_1_192' title='bbox 596 3595 636 3659; x_wconf 90' lang='lat' dir='ltr'>et</span> <span class='ocrx_word' id='word_1_193' title='bbox 655 3577 760 3659; x_wconf 92' lang='lat' dir='ltr'>unde</span> <span class='ocrx_word' id='word_1_194' title='bbox 777 3575 978 3659; x_wconf 89' lang='lat' dir='ltr'>oriuntur.</span> <span class='ocrx_word' id='word_1_195' title='bbox 992 3576 1067 3685; x_wconf 88' lang='lat' dir='ltr'>fol.</span> <span class='ocrx_word' id='word_1_196' title='bbox 1093 3604 1180 3659; x_wconf 89' lang='lat'><strong>102.</strong></span> 
     </span>
    </p>

    <p class='ocr_par' dir='ltr' id='par_1_8' title="bbox 296 3696 1765 4296">
     <span class='ocr_line' id='line_1_26' title="bbox 296 3696 1765 3815; baseline 0.001 -30"><span class='ocrx_word' id='word_1_197' title='bbox 296 3704 356 3785; x_wconf 88' lang='grc'><strong>16.</strong></span> <span class='ocrx_word' id='word_1_198' title='bbox 384 3698 562 3811; x_wconf 86' lang='lat' dir='ltr'>Epistola</span> <span class='ocrx_word' id='word_1_199' title='bbox 572 3698 756 3781; x_wconf 91' lang='lat' dir='ltr'>Rodenci</span> <span class='ocrx_word' id='word_1_200' title='bbox 767 3698 1029 3809; x_wconf 85' lang='lat' dir='ltr'>Caliguntani</span> <span class='ocrx_word' id='word_1_201' title='bbox 1048 3701 1158 3781; x_wconf 92' lang='lat' dir='ltr'>adB.</span> <span class='ocrx_word' id='word_1_202' title='bbox 1175 3696 1372 3782; x_wconf 89' lang='lat' dir='ltr'>Platinam</span> <span class='ocrx_word' id='word_1_203' title='bbox 1388 3697 1618 3815; x_wconf 86' lang='lat' dir='ltr'>responsiva,</span> <span class='ocrx_word' id='word_1_204' title='bbox 1633 3702 1765 3812; x_wconf 89' lang='lat' dir='ltr'>primo</span> 
     </span>
     <span class='ocr_line' id='line_1_27' title="bbox 386 3819 1764 3935; baseline 0.003 -31"><span class='ocrx_word' id='word_1_205' title='bbox 386 3848 480 3904; x_wconf 88' lang='lat' dir='ltr'>eum</span> <span class='ocrx_word' id='word_1_206' title='bbox 497 3822 750 3904; x_wconf 90' lang='lat' dir='ltr'>commendat</span> <span class='ocrx_word' id='word_1_207' title='bbox 769 3822 817 3903; x_wconf 91' lang='lat' dir='ltr'>de</span> <span class='ocrx_word' id='word_1_208' title='bbox 836 3820 1029 3931; x_wconf 87' lang='lat' dir='ltr'>elegantia</span> <span class='ocrx_word' id='word_1_209' title='bbox 1047 3819 1248 3917; x_wconf 90' lang='lat' dir='ltr'>sermonis,</span> <span class='ocrx_word' id='word_1_210' title='bbox 1266 3821 1427 3903; x_wconf 90' lang='lat' dir='ltr'>tandein</span> <span class='ocrx_word' id='word_1_211' title='bbox 1443 3821 1526 3931; x_wconf 90' lang='lat' dir='ltr'>agit</span> <span class='ocrx_word' id='word_1_212' title='bbox 1543 3824 1592 3906; x_wconf 89' lang='lat' dir='ltr'>de</span> <span class='ocrx_word' id='word_1_213' title='bbox 1603 3823 1764 3935; x_wconf 88' lang='lat' dir='ltr'>singulis</span> 
     </span>
     <span class='ocr_line' id='line_1_28' title="bbox 385 3941 1765 4055; baseline 0.004 -28"><span class='ocrx_word' id='word_1_214' title='bbox 385 3943 510 4027; x_wconf 89' lang='lat' dir='ltr'>animi</span> <span class='ocrx_word' id='word_1_215' title='bbox 496 3942 781 4053; x_wconf 77' lang='lat' dir='ltr'>passionibus,</span> <span class='ocrx_word' id='word_1_216' title='bbox 802 3946 905 4025; x_wconf 92' lang='lat' dir='ltr'>etde</span> <span class='ocrx_word' id='word_1_217' title='bbox 925 3970 1062 4027; x_wconf 88' lang='lat' dir='ltr'>earum</span> <span class='ocrx_word' id='word_1_218' title='bbox 1081 3961 1188 4040; x_wconf 90' lang='lat' dir='ltr'>ortu,</span> <span class='ocrx_word' id='word_1_219' title='bbox 1217 3959 1256 4025; x_wconf 92' lang='lat' dir='ltr'>et</span> <span class='ocrx_word' id='word_1_220' title='bbox 1275 3941 1423 4051; x_wconf 92' lang='lat' dir='ltr'>quid</span> <span class='ocrx_word' id='word_1_221' title='bbox 1392 3971 1446 4025; x_wconf 91' lang='lat' dir='ltr'>eis</span> <span class='ocrx_word' id='word_1_222' title='bbox 1463 3964 1704 4055; x_wconf 88' lang='lat' dir='ltr'>opponatur,</span> <span class='ocrx_word' id='word_1_223' title='bbox 1724 3966 1765 4031; x_wconf 92' lang='lat' dir='ltr'>et</span> 
     </span>
     <span class='ocr_line' id='line_1_29' title="bbox 385 4063 1763 4180; baseline 0.004 -34"><span class='ocrx_word' id='word_1_224' title='bbox 385 4064 434 4148; x_wconf 91' lang='lat' dir='ltr'>de</span> <span class='ocrx_word' id='word_1_225' title='bbox 450 4066 602 4149; x_wconf 82' lang='lat' dir='ltr'>medela</span> <span class='ocrx_word' id='word_1_226' title='bbox 627 4067 676 4146; x_wconf 90' lang='lat' dir='ltr'>ad</span> <span class='ocrx_word' id='word_1_227' title='bbox 702 4090 766 4145; x_wconf 88' lang='lat' dir='ltr'>eas</span> <span class='ocrx_word' id='word_1_228' title='bbox 795 4066 1002 4164; x_wconf 87' lang='lat' dir='ltr'>curandas,</span> <span class='ocrx_word' id='word_1_229' title='bbox 1029 4067 1133 4149; x_wconf 91' lang='lat' dir='ltr'>etde</span> <span class='ocrx_word' id='word_1_230' title='bbox 1151 4063 1386 4176; x_wconf 88' lang='lat' dir='ltr'>quibusdam</span> <span class='ocrx_word' id='word_1_231' title='bbox 1406 4063 1645 4152; x_wconf 84' lang='lat' dir='ltr'>utilitatibus</span> <span class='ocrx_word' id='word_1_232' title='bbox 1664 4096 1763 4180; x_wconf 90' lang='lat' dir='ltr'>quas</span> 
     </span>
     <span class='ocr_line' id='line_1_30' title="bbox 386 4184 1036 4296; baseline -0.002 -27"><span class='ocrx_word' id='word_1_233' title='bbox 386 4186 432 4269; x_wconf 93' lang='lat' dir='ltr'>in</span> <span class='ocrx_word' id='word_1_234' title='bbox 452 4187 633 4269; x_wconf 88' lang='lat' dir='ltr'>animum</span> <span class='ocrx_word' id='word_1_235' title='bbox 653 4184 839 4283; x_wconf 89' lang='lat' dir='ltr'>afferunt,</span> <span class='ocrx_word' id='word_1_236' title='bbox 854 4188 929 4296; x_wconf 85' lang='lat' dir='ltr'>fol.</span> <span class='ocrx_word' id='word_1_237' title='bbox 947 4216 1036 4296; x_wconf 82' lang='lat'><strong>103.</strong></span> 
     </span>
    </p>
   </div>
   <div class='ocr_carea' id='block_1_3' title="bbox 127 4304 1767 5153">
    <p class='ocr_par' dir='ltr' id='par_1_9' title="bbox 297 4304 1765 4784">
     <span class='ocr_line' id='line_1_31' title="bbox 297 4304 1763 4422; baseline 0.001 -29"><span class='ocrx_word' id='word_1_238' title='bbox 297 4336 364 4421; x_wconf 86' lang='lat'>17.</span> <span class='ocrx_word' id='word_1_239' title='bbox 387 4308 563 4419; x_wconf 87' lang='lat' dir='ltr'>Epistola</span> <span class='ocrx_word' id='word_1_240' title='bbox 581 4307 794 4418; x_wconf 90' lang='lat' dir='ltr'>Pomponii</span> <span class='ocrx_word' id='word_1_241' title='bbox 824 4306 990 4390; x_wconf 89' lang='lat' dir='ltr'>oratoris</span> <span class='ocrx_word' id='word_1_242' title='bbox 1015 4304 1317 4417; x_wconf 89' lang='lat' dir='ltr'>eloquentillimi</span> <span class='ocrx_word' id='word_1_243' title='bbox 1337 4308 1387 4389; x_wconf 89' lang='lat' dir='ltr'>ad</span> <span class='ocrx_word' id='word_1_244' title='bbox 1404 4306 1646 4391; x_wconf 87' lang='lat' dir='ltr'>Rodericum</span> <span class='ocrx_word' id='word_1_245' title='bbox 1663 4309 1763 4422; x_wconf 91' lang='lat' dir='ltr'>epis·</span> 
     </span>
     <span class='ocr_line' id='line_1_32' title="bbox 388 4425 1765 4542; baseline 0.001 -28"><span class='ocrx_word' id='word_1_246' title='bbox 388 4456 535 4542; x_wconf 86' lang='lat' dir='ltr'>copum</span> <span class='ocrx_word' id='word_1_247' title='bbox 561 4448 601 4512; x_wconf 92' lang='lat' dir='ltr'>et</span> <span class='ocrx_word' id='word_1_248' title='bbox 624 4428 927 4526; x_wconf 87' lang='lat' dir='ltr'>castellanum,</span> <span class='ocrx_word' id='word_1_249' title='bbox 918 4458 961 4511; x_wconf 94' lang='lat' dir='ltr'>in</span> <span class='ocrx_word' id='word_1_250' title='bbox 985 4457 1066 4540; x_wconf 93' lang='lat' dir='ltr'>qua</span> <span class='ocrx_word' id='word_1_251' title='bbox 1095 4429 1348 4511; x_wconf 91' lang='lat' dir='ltr'>commendat</span> <span class='ocrx_word' id='word_1_252' title='bbox 1371 4425 1553 4538; x_wconf 81' lang='lat' dir='ltr'>quaedam</span> <span class='ocrx_word' id='word_1_253' title='bbox 1576 4432 1765 4539; x_wconf 89' lang='lat' dir='ltr'>opuscula</span> 
     </span>
     <span class='ocr_line' id='line_1_33' title="bbox 385 4548 1762 4699; baseline 0.002 -65"><span class='ocrx_word' id='word_1_254' title='bbox 385 4550 557 4659; x_wconf 84' lang='lat' dir='ltr'>ejusdem</span> <span class='ocrx_word' id='word_1_255' title='bbox 577 4550 759 4667; x_wconf 89' lang='lat' dir='ltr'>episcopi,</span> <span class='ocrx_word' id='word_1_256' title='bbox 787 4551 989 4663; x_wconf 91' lang='lat' dir='ltr'>presertim</span> <span class='ocrx_word' id='word_1_257' title='bbox 1017 4551 1196 4635; x_wconf 90' lang='lat' dir='ltr'>libellum</span> <span class='ocrx_word' id='word_1_258' title='bbox 1214 4552 1264 4634; x_wconf 92' lang='lat' dir='ltr'>ab</span> <span class='ocrx_word' id='word_1_259' title='bbox 1283 4578 1331 4633; x_wconf 84' lang='lat' dir='ltr'>eo</span> <span class='ocrx_word' id='word_1_260' title='bbox 1349 4548 1500 4634; x_wconf 90' lang='lat' dir='ltr'>editum</span> <span class='ocrx_word' id='word_1_261' title='bbox 1519 4552 1569 4634; x_wconf 89' lang='lat' dir='ltr'>de</span> <span class='ocrx_word' id='word_1_262' title='bbox 1584 4550 1689 4699; x_wconf 89' lang='lat' dir='ltr'>peste</span> <span class='ocrx_word' id='word_1_263' title='bbox 1708 4582 1762 4638; x_wconf 93' lang='lat' dir='ltr'>an</span> 
     </span>
     <span class='ocr_line' id='line_1_34' title="bbox 382 4673 860 4784; baseline -0.002 -26.993"><span class='ocrx_word' id='word_1_264' title='bbox 382 4673 575 4782; x_wconf 83' lang='lat' dir='ltr'>fugienda</span> <span class='ocrx_word' id='word_1_265' title='bbox 596 4674 738 4771; x_wconf 89' lang='lat' dir='ltr'>sit‚l</span> <span class='ocrx_word' id='word_1_266' title='bbox 672 4676 746 4784; x_wconf 87' lang='lat' dir='ltr'>fol.</span> <span class='ocrx_word' id='word_1_267' title='bbox 772 4703 860 4756; x_wconf 94' lang='lat' dir='ltr'>iii.</span> 
     </span>
    </p>

    <p class='ocr_par' dir='ltr' id='par_1_10' title="bbox 127 4792 1764 4911">
     <span class='ocr_line' id='line_1_35' title="bbox 127 4792 1764 4911; baseline 0 -31"><span class='ocrx_word' id='word_1_268' title='bbox 127 4852 132 4863; x_wconf 86' lang='lat'><em>-</em></span> <span class='ocrx_word' id='word_1_269' title='bbox 286 4793 355 4902; x_wconf 75' lang='grc'><strong>18.</strong></span> <span class='ocrx_word' id='word_1_270' title='bbox 383 4795 561 4908; x_wconf 86' lang='lat' dir='ltr'>Epistola</span> <span class='ocrx_word' id='word_1_271' title='bbox 585 4794 756 4903; x_wconf 89' lang='lat' dir='ltr'>ejusdem</span> <span class='ocrx_word' id='word_1_272' title='bbox 775 4792 987 4906; x_wconf 91' lang='lat' dir='ltr'>Pomponii</span> <span class='ocrx_word' id='word_1_273' title='bbox 1014 4793 1063 4876; x_wconf 92' lang='lat' dir='ltr'>ad</span> <span class='ocrx_word' id='word_1_274' title='bbox 1082 4792 1251 4877; x_wconf 87' lang='lat' dir='ltr'>eundem</span> <span class='ocrx_word' id='word_1_275' title='bbox 1279 4793 1520 4879; x_wconf 86' lang='lat' dir='ltr'>Rodericum</span> <span class='ocrx_word' id='word_1_276' title='bbox 1537 4793 1764 4911; x_wconf 89' lang='lat' dir='ltr'>episcopum</span> 
     </span>
    </p>

    <p class='ocr_par' dir='ltr' id='par_1_11' title="bbox 384 4910 1763 5030">
     <span class='ocr_line' id='line_1_36' title="bbox 384 4910 1763 5030; baseline -0.002 -27"><span class='ocrx_word' id='word_1_277' title='bbox 384 4921 433 5003; x_wconf 89' lang='lat' dir='ltr'>de</span> <span class='ocrx_word' id='word_1_278' title='bbox 451 4916 648 5017; x_wconf 91' lang='lat' dir='ltr'>laudibus,</span> <span class='ocrx_word' id='word_1_279' title='bbox 670 4914 868 5029; x_wconf 90' lang='lat' dir='ltr'>signanter</span> <span class='ocrx_word' id='word_1_280' title='bbox 886 4918 935 4999; x_wconf 91' lang='lat' dir='ltr'>de</span> <span class='ocrx_word' id='word_1_281' title='bbox 953 4913 1217 5001; x_wconf 87' lang='lat' dir='ltr'>clementiaS.</span> <span class='ocrx_word' id='word_1_282' title='bbox 1235 4921 1288 5001; x_wconf 90' lang='lat' dir='ltr'><strong>D.</strong></span> <span class='ocrx_word' id='word_1_283' title='bbox 1300 4920 1357 5002; x_wconf 94' lang='lat' dir='ltr'><strong>N.</strong></span> <span class='ocrx_word' id='word_1_284' title='bbox 1375 4910 1489 5003; x_wconf 80' lang='lat' dir='ltr'>Pauli</span> <span class='ocrx_word' id='word_1_285' title='bbox 1507 4922 1560 5005; x_wconf 91' lang='lat'>11</span> <span class='ocrx_word' id='word_1_286' title='bbox 1573 4920 1666 5030; x_wconf 87' lang='lat' dir='ltr'>sol.</span> <span class='ocrx_word' id='word_1_287' title='bbox 1674 4946 1763 5028; x_wconf 85' lang='lat'><strong>113.</strong></span> 
     </span>
    </p>

    <p class='ocr_par' dir='ltr' id='par_1_12' title="bbox 923 5022 1767 5153">
     <span class='ocr_line' id='line_1_37' title="bbox 923 5022 1767 5153; baseline 0.006 -33"><span class='ocrx_word' id='word_1_288' title='bbox 923 5042 1010 5149; x_wconf 89' lang='lat' dir='ltr'>Gg</span> <span class='ocrx_word' id='word_1_289' title='bbox 1526 5068 1624 5151; x_wconf 94' lang='grc'><strong>19</strong></span> <span class='ocrx_word' id='word_1_290' title='bbox 1652 5022 1767 5153; x_wconf 85' lang='lat' dir='ltr'>Epis-</span> 
     </span>
    </p>
   </div>
   <div class='ocr_carea' id='block_1_4' title="bbox 0 0 2126 5910">
    <p class='ocr_par' dir='ltr' id='par_1_13' title="bbox 0 0 2126 5910">
     <span class='ocr_line' id='line_1_38' title="bbox 0 0 2126 5910; baseline 0 0"><span class='ocrx_word' id='word_1_291' title='bbox 0 0 2126 5910; x_wconf 95' lang='lat' dir='ltr'> </span> 
     </span>
    </p>
   </div>
  </div>
 </body>
</html>
