4244 5910
732 652 1193 750 ccccxxxvm.
1472 676 1473 680 ψ
1655 681 1757 778 403

349 848 394 925 In
407 845 534 953 prima
543 858 655 951 parte
672 847 826 939 tradat,
856 853 884 891 “
903 843 1031 950 defitu
1047 842 1199 951 Angliae
1217 858 1251 923 ct
1270 841 1373 955 ipstus
1390 842 1558 948 diviſsone
1571 860 1640 951 per
1657 845 1767 924 comi-

356 978 382 1012 “
402 985 513 1061 tatus,
536 983 571 1046 et
590 966 632 1049 dc
658 965 874 1075 monasteriis
893 994 974 1074 qua
989 965 1029 1044 in
1049 965 1127 1075 ipfis
1146 963 1370 1045 comitatibus
1387 964 1553 1071 existunt,
1583 963 1708 1077 quibus
1725 997 1769 1046 eu

350 1098 377 1135 “
398 1090 545 1199 antiquo
579 1087 775 1170 nominibus
802 1088 1006 1198 cerfieacctur
1035 1087 1232 1182 comitatus,
1267 1085 1390 1167 deinde
1418 1116 1498 1196 qun
1524 1089 1587 1167 vel
1611 1104 1692 1196 quot
1723 1089 1766 1168 in

351 1210 522 1317 “eisdem
549 1208 774 1291 comitatibus
796 1211 1026 1320 episcoporum
1042 1207 1154 1318 fides,
1181 1225 1262 1319 quot
1282 1208 1522 1317 religiosorum
1531 1211 1611 1318 sint
1631 1210 1766 1321 monas-

350 1343 377 1377 ‘⁵
399 1335 510 1428 teria,
531 1349 567 1412 et
585 1332 767 1440 cnjusſsnt
784 1333 921 1412 ordinis
937 1330 1078 1410 habitus
1097 1332 1161 1412 vel
1174 1331 1394 1438 religionis.’'
1482 1409 1487 1418 ,

349 1453 570 1564 Instcunda,
592 1466 617 1499 “
634 1455 676 1535 de
689 1453 956 1567 archiepiscopis
973 1461 1080 1534 totius
1096 1454 1220 1534 mundi
1237 1453 1433 1563 [Europa]
1452 1469 1486 1536 et
1500 1453 1671 1563 corumste
1699 1484 1765 1534 rn-

351 1585 379 1622 “
393 1577 558 1686 ganeis.”

288 1727 324 1806 3.
355 1697 475 1781 Liber
492 1696 622 1779 Macri
641 1698 689 1778 de
707 1696 857 1779 viribus
878 1695 1105 1778 herbarum.

279 1847 321 1924 4.
350 1818 552 1902 Chronica
571 1819 744 1900 Gervafii
773 1823 943 1900 aBruto
972 1820 1022 1900 ad
1049 1844 1180 1926 regem
1201 1821 1407 1915 Ioannem,
1437 1844 1530 1902 cum
1551 1819 1764 1904 continua-

346 1942 457 2023 tione
475 1942 524 2022 ad
544 1969 699 2023 annum
724 1944 839 2050 1316.

350 2067 561 2174 Gervefium
575 2066 714 2173 prioris
731 2065 834 2173 hujus
850 2064 1023 2145 chronica
1037 2065 1159 2171 partis
1170 2071 1328 2144 autorem
1334 2061 1449 2173 smffe
1466 2095 1511 2144 esc
1521 2065 1663 2179 prologo
1667 2063 1767 2177 satis

348 2187 491 2294 confiat,
512 2189 552 2275 in
572 2217 636 2299 quo
654 2188 763 2268 totius
781 2188 893 2296 operis
911 2187 1083 2271 rationem
1102 2187 1258 2296 explicat
1277 2184 1332 2264 his
1350 2187 1484 2282 verbis,
1510 2198 1537 2233 “
1556 2189 1769 2297 Principale

350 2318 376 2352 “
382 2310 476 2415 scone
485 2309 695 2415 propofitum
700 2309 897 2416 scribentis
915 2308 972 2416 cst,
993 2322 1035 2388 u't
1053 2307 1202 2414 excursis
1221 2305 1383 2387 breviter
1399 2308 1595 2391 nominibus
1615 2330 1651 2390 et
1661 2310 1767 2418 gestis

352 2439 378 2473 “
400 2458 479 2509 cum
499 2430 649 2537 ipsorum
668 2460 791 2536 regum
809 2459 951 2510 numero
970 2430 1074 2537 usqm
1090 2431 1143 2510 od
1151 2430 1353 2537 Anglorum
1373 2448 1408 2509 et
1427 2435 1606 2513 Saxonum
1629 2433 1766 2514 adven-

352 2560 379 2595 “
398 2567 488 2645 tum,
517 2570 553 2630 et
569 2549 691 2630 deinde
713 2550 903 2657 gradatim
922 2551 974 2630 od
996 2550 1147 2658 nostrum
1164 2571 1282 2657 'regem
1295 2553 1338 2657 st
1353 2555 1457 2633 Deus
1475 2555 1613 2642 dederit
1632 2573 1767 2673 perve-

352 2682 377 2716 “
398 2672 498 2752 niam
519 2673 721 2752 Ioannem.”
770 2672 873 2751 Hinc
890 2671 1039 2751 videtur
1057 2674 1249 2779 Gervnfius
1269 2673 1584 2785 chronicamstcam
1603 2677 1655 2757 ad
1667 2706 1764 2757 mor-

350 2813 420 2873 tem
448 2796 543 2902 regis
571 2794 729 2874 Ricardi
748 2791 969 2904 Isclausffl,
999 2794 1070 2873 olii
1095 2792 1242 2901 ‹jossdem
1270 2793 1404 2875 cenobii
1429 2799 1593 2879 monachi
1619 2798 1770 2879 ulterius

340 2918 485 3027 stilicet
502 2916 555 2996 od
568 2945 701 2996 annum
729 2917 829 3023 1316
846 2915 1106 3024 perduxerunt,
1136 2943 1220 2994 nam
1243 2916 1283 2994 in
1295 2931 1405 3024 parte
1417 2916 1607 3025 posteriore
1624 2920 1771 3027 diversts

344 3040 455 3147 pinne
482 3038 642 3119 manibus
668 3057 856 3118 exaratur.
885 3083 941 3098 -
959 3041 1152 3147 Perpauca
1170 3036 1353 3118 admodum
1372 3039 1492 3125 trudit
1510 3041 1703 3150 Gervefius
1728 3041 1770 3121 de

351 3161 493 3267 regibus
511 3161 754 3256 Britannicis,
774 3161 853 3269 etst
868 3190 1022 3269 unquam
1040 3162 1080 3240 iu
1095 3187 1218 3241 manus
1235 3160 1291 3241 Cl.
1304 3160 1470 3273 Nicoffon
1482 3158 1693 3275 perveniffi‘t
1709 3163 1771 3244 hoc

352 3302 447 3391 opus,
477 3283 740 3391 deprehenderit
766 3281 859 3362 illud
882 3283 1038 3362 numeris
1054 3282 1135 3392 fisis
1163 3311 1229 3362 non
1257 3283 1314 3368 ito
1340 3281 1532 3394 absolutum
1558 3314 1604 3366 ac
1629 3285 1701 3398 ipse
1726 3310 1771 3365 ex

352 3405 489 3485 nomine
505 3406 644 3485 autoris
664 3408 927 3515 expeciavcrat.
951 3451 1008 3467 -
1025 3404 1154 3485 Multa
1181 3404 1241 3489 hic
1261 3404 1304 3485 dc
1319 3405 1455 3517 ecclcsta
1473 3408 1725 3518 Cantuarimfi
1736 3426 1772 3490 ct

353 3527 394 3606 de
412 3529 652 3634 controverſsis
669 3529 768 3606 inter
784 3527 1052 3638 archiepiscopos
1069 3546 1105 3606 et
1123 3547 1342 3609 conventum.

288 3673 325 3754 ς.
355 3646 530 3729 Getvassi
549 3646 661 3729 aiius
682 3646 918 3758 pontificum
933 3654 1125 3731 Cantuar.
1138 3676 1161 3730 a
1174 3649 1212 3747 S.
1224 3647 1448 3757 Augustino
1464 3650 1511 3730 ad
1524 3651 1771 3739 Hubertum.

286 3772 325 3851 6.
355 3769 545 3852 Successio
565 3772 781 3852 eorundem
804 3771 852 3852 ab
875 3769 1101 3881 Augustino
1122 3772 1171 3853 ad
1190 3774 1381 3855 Ioannem
1401 3764 1584 3857 Sta'fford.

283 3917 324 3999 7.
354 3892 520 3975 Decima
538 3893 722 3974 omnium
744 3893 944 3976 bonorum
962 3892 1245 4004 temporalium
1265 3911 1304 3974 et
1323 3888 1589 4005 spiritualium
1608 3879 1772 3977 ecc‘lefiae

354 4014 502 4096 Christi
522 4019 641 4096 Cant.
662 4014 838 4096 extrafta
865 4016 913 4096 de
941 4015 1082 4097 rotulis
1112 4015 1266 4099 domini
1292 4003 1392 4126 segis
1414 4021 1530 4100 A.D.
1557 4044 1673 4122 1402,
1703 4042 1772 4126 per

357 4136 562 4218 Thomam
582 4137 839 4219 Chillendene
859 4138 1044 4247 priorem.

289 4257 326 4339 8.
356 4258 486 4369 Copia
524 4261 645 4340 bullae
681 4258 896 4340 Alexandri
931 4285 1044 4370 papae
1084 4259 1256 4340 concessa
1289 4259 1426 4341 sancio
1460 4259 1631 4341 Thomas
1657 4265 1770 4341 Can-

355 4381 541 4462 tuarienss
562 4381 853 4492 archiepiscopo
872 4384 920 4475 de
938 4379 1242 4467 canonizatione
1263 4380 1385 4464 sancii
1404 4380 1580 4470 Anielmi
1597 4381 1769 4490 ejusdem

353 4501 515 4585 ecclehoe
534 4503 825 4616 archiepiscopi.

797 4867 830 4944 a
852 4891 911 4944 ee
936 4892 957 4946 2
1254 4916 1257 4923 -
1286 4812 1626 4948 ccccx-xxix,
1652 4868 1768 4950 noes
