4214 5910
906 683 1087 785 enta.
1672 717 1777 817 193

307 881 370 964 Hi
381 877 536 962 articuli
543 875 718 961 oonoiml
727 873 931 986 discrepant
941 872 988 956 ab
1000 868 1187 983 impreffls:
1206 869 1429 953 variationes
1443 898 1468 953 a
1484 874 1786 982 verſsouemegli-

254 1031 348 1085 cana
367 1002 480 1084 edidit
496 1003 637 1083 Burnet
652 996 875 1107 [Enpoſstion
889 1025 933 1077 on
950 996 1008 1077 tite
1028 1025 1079 1105 39
1091 993 1254 1102 articles]
1262 993 1334 1104 std
1349 994 1390 1074 in
1404 994 1585 1077 collatione
1598 995 1708 1112 nescio
1721 1027 1788 1109 quo

254 1153 375 1206 errore
390 1125 550 1232 deceptus
566 1121 630 1203 vel
643 1151 714 1230 qua
731 1120 871 1201 rationu
887 1117 1059 1204 omittas
1076 1117 1156 1222 ustos
1173 1115 1220 1220 est
1243 1117 1397 1224 verstone
1414 1117 1626 1226 Anglicana
1641 1119 1788 1200 artica-

236 1247 368 1329 lorum
384 1244 569 1356 dequibus
587 1243 753 1327 convem‘t
769 1244 877 1327 inter
890 1240 1060 1355 episcopos
1078 1240 1119 1321 iu
1132 1239 1258 1349 priori
1270 1238 1401 1349 synodo
1419 1257 1572 1353 tempore
1587 1242 1685 1351 regis
1703 1241 1786 1334 Ed-

253 1368 377 1450 wardi
395 1372 462 1452 VI.
480 1371 535 1450 A.
547 1371 608 1453 D.
635 1394 650 1448 1
658 1392 682 1473 ς
687 1392 752 1474 52.
780 1363 939 1465 Codieem
955 1393 1040 1446 vero
1051 1365 1142 1445 MS.
1160 1391 1240 1444 cum
1253 1359 1406 1443 editione
1421 1363 1462 1443 in
1481 1365 1614 1446 Concil.
1629 1364 1783 1450 Britan.

252 1491 323 1601 ipſs,
340 1490 532 1600 diligenter
549 1490 694 1583 contuli,
713 1506 750 1570 et
765 1486 956 1570 manantes
973 1487 1133 1568 lectiones
1150 1485 1337 1580 adnotavi,
1362 1484 1445 1565 viz.
1834 1571 1840 1578 ,

306 1613 479 1695 Articulo
490 1612 602 1694 tertio
625 1610 812 1695 adducatur
827 1608 904 1690 haec
921 1607 1036 1690 verba
1062 1607 1173 1688 minio
1187 1625 1308 1688 tamen
1327 1604 1445 1715 postea
1461 1623 1600 1705 notata,
1632 1619 1658 1657 “
1677 1615 1781 1697 Num

253 1743 279 1778 “
298 1752 422 1844 corpus
437 1734 540 1846 usquc
554 1733 611 1817 ad
622 1732 909 1844 reſsurrectionem
928 1733 969 1812 in
971 1729 1160 1844 sepulchro
1167 1728 1306 1840 jacuit,
1321 1727 1483 1838 spiritus
1500 1729 1547 1809 ab
1568 1731 1628 1819 illo
1646 1734 1781 1847 emiffus

253 1865 279 1900 “
299 1885 378 1938 cum
392 1855 599 1970 spiritubus
615 1856 680 1966 qui
706 1857 909 1937 incarcere
927 1853 1005 1961 five
1022 1853 1062 1934 in
1086 1852 1228 1956 inferno
1245 1840 1496 1937 detinebantur
1508 1851 1611 1959 suit,
1641 1850 1780 1972 illisque

250 1987 279 2067 ,⁸⁸
292 1980 521 2089 praedicavit
537 1978 819 2089 quemadmodum
835 1974 985 2084 testatur
1003 1975 1116 2057 Petri
1133 1975 1237 2056 locus.

303 2103 495 2184 Articulus
521 2105 587 2183 VI.
619 2100 737 2182 Libri
765 2099 986 2211 Apocoyploae
1013 2097 1124 2179 aliter
1155 2098 1377 2214 recensemur
1405 2127 1511 2208 quam
1540 2100 1584 2182 in
1613 2102 1727 2214 impre
1757 2106 1778 2186 's

248 2242 381 2334 nempe,
604 2256 607 2261 ·
750 2257 754 2265 =

332 2356 358 2392 ‘⁸
381 2338 527 2427 Tertius
547 2360 583 2424 et
600 2363 750 2454 quartus
765 2340 895 2453 Esdrae
1006 2350 1032 2386 “
1053 2338 1193 2453 Judith

332 2479 359 2515 ‘¹
378 2467 569 2576 Sapientia
1002 2474 1028 2508 “
1047 2456 1176 2545 Tobios

331 2600 357 2634 “
378 2587 596 2700 Jefiosfilius
615 2586 750 2697 Syrach
1000 2594 1027 2630 “
1051 2612 1088 2666 2.
1106 2582 1197 2665 libri
1216 2584 1553 2675 Macchaleorum.”

301 2711 494 2793 Articulus
511 2713 599 2793 XV.
630 2719 657 2754 “
677 2709 785 2790 Venit
802 2725 844 2790 ut
861 2736 976 2816 agnus
992 2706 1118 2821 absque
1135 2706 1276 2791 macula
1292 2706 1408 2818 ff’ff'

298 2833 492 2935 Articulus
506 2836 615 2915 XVI.
645 2842 672 2877 “
687 2833 754 2913 De
763 2847 908 2941 peccato
925 2831 966 2913 in
986 2827 1168 2941 spiritum
1188 2827 1388 2912 faustum:
1417 2831 1547 2916 ultima
1564 2831 1641 2923 hae
1657 2837 1772 2921 verba

246 2966 274 3002 “
289 2955 450 3038 deleatur
469 2972 636 3038 eteorum
653 2953 722 3036 loco
735 2971 920 3062 ponuntur
935 2952 1036 3062 ester
1053 2951 1258 3062 baptisme.”

299 3077 490 3160 Articulus
499 3081 592 3159 XX.
621 3073 1076 3170 Omittuuturhucverba‚
1099 3084 1125 3118 “
1138 3073 1261 3155 Habet
1273 3073 1409 3185 ecclcsta
1421 3077 1518 3159 ritus
1521 3077 1605 3186 five
1619 3109 1770 3167 ceremo-

244 3210 271 3245 “
289 3201 370 3282 nias
374 3200 563 3307 slatoundi
566 3200 634 3305 jus
651 3216 686 3279 et
703 3199 746 3279 in
750 3198 846 3307 fidei
861 3198 1102 3308 comroverstis
1121 3197 1371 3279 auitoro‘tatem
1390 3202 1591 3311 quamvis.”
1688 3254 1694 3265 ·

297 3323 490 3404 Articulis
504 3323 630 3404 XXV.
658 3319 742 3429 Post
761 3330 787 3364 “
786 3320 857 3431 sed
858 3320 1168 3431 sacramentorum
1186 3319 1328 3402 eandem
1342 3349 1420 3403 cum
1434 3320 1603 3434 baptismo
1621 3343 1656 3407 et
1669 3356 1769 3417 cuna

241 3446 437 3527 “Domini
452 3445 627 3526 rationem
644 3441 929 3540 non‚babentes,''
948 3443 1155 3553 irfiruntur
1171 3441 1247 3523 hac
1261 3443 1376 3525 verba
1391 3445 1502 3528 minio
1521 3465 1658 3549 notata,
1672 3469 1706 3533 et
1724 3470 1768 3538 nt

236 3565 396 3663 videtur,
416 3595 461 3647 ex
478 3564 722 3675 merascribae
739 3562 1015 3647 hallucinatione
1036 3575 1062 3608 “
1081 3564 1239 3675 quomodo
1256 3594 1318 3645 nec
1328 3567 1583 3675 poenitentia.”

291 3688 485 3771 Articuluo
502 3690 694 3771 XXVIII.
714 3687 844 3795 Primo
863 3686 1108 3798 irfirebantur
1127 3687 1203 3768 herc
1221 3686 1347 3783 verba,
1360 3689 1433 3796 sed
1440 3690 1556 3800 postea
1574 3693 1766 3783 miniano.

234 3829 330 3909 tata,
350 3830 386 3893 et
402 3838 568 3895 numerus
583 3811 762 3893 durarum
779 3839 858 3921 qua
875 3810 915 3893 in
933 3810 1001 3890 hac
1011 3812 1155 3920 pagina
1174 3802 1399 3893 continentia
1412 3813 1528 3921 stmul
1542 3814 1763 3918 mutabatur,

234 3936 291 4016 ita
308 3952 350 4015 ut
366 3931 748 4044 antestobscriptionem
766 3934 898 4040 rq'ecla
915 3932 1100 4031 videntur,
1121 3944 1147 3978 “
1164 3936 1295 4043 Corpus
1310 3934 1444 4043 christi
1456 3937 1567 4019 datur
1580 3940 1763 4050 accipitur

235 4069 262 4103 “
284 4057 523 4139 manducatur
548 4057 590 4136 iu
616 4085 716 4137 cuna
742 4073 914 4165 tanquam
934 4053 1048 4154 celesti
1075 4073 1109 4136 et
1123 4053 1323 4164 spirituali
1346 4059 1507 4154 ratione3
1536 4058 1692 4168 Christus
1721 4067 1762 4144 in

234 4190 259 4226 ‘⁴
280 4180 390 4262 mlum
407 4176 587 4291 ascendens
604 4179 743 4286 corpori
756 4177 826 4287 fico
852 4175 1295 4293 immortalitatemdedit‚
1324 4197 1494 4261 naturam
1518 4209 1586 4261 non
1604 4181 1759 4292 affulit,

233 4314 258 4348 “
276 4304 442 4384 humanu
455 4302 553 4382 euim
562 4317 708 4383 notura
717 4299 923 4395 veritatem,
931 4298 1048 4408 juxta
1057 4297 1296 4409 scripturam,
1310 4318 1479 4412 perpetuo
1496 4303 1640 4400 retinet,
1653 4336 1761 4418 quam

234 4436 259 4469 “
279 4454 346 4506 uno
364 4442 400 4505 et
416 4424 557 4526 definito
575 4423 644 4504 loco
661 4419 735 4532 effi,
747 4438 783 4501 et
799 4450 866 4503 non
883 4423 926 4503 iu
943 4419 1058 4502 multa
1074 4421 1137 4502 vel
1150 4421 1386 4531 omniafimul
1400 4424 1474 4505 loca
1484 4422 1641 4533 dtffimdi
1656 4446 1758 4537 opor-

232 4556 258 4591 “
276 4565 342 4628 tet.
397 4551 517 4656 Qum
534 4546 656 4655 igitur
672 4543 829 4650 Christus
846 4547 887 4625 in
905 4540 1184 4654 celumstoblctus
1204 4544 1261 4626 ibi
1276 4545 1380 4658 usque
1398 4545 1689 4659 adstnrmstcnli
1705 4553 1757 4659 stt

231 4679 258 4712 “
271 4668 524 4778 permaofiorus
542 4689 648 4778 atque
664 4667 746 4749 inde
760 4696 828 4747 non
846 4667 1003 4762 aliunde,
1023 4683 1065 4747 nt
1080 4666 1238 4777 loquitur
1256 4667 1491 4777 Augustinus,
1522 4675 1757 4786 uenturusstc

233 4801 259 4834 “
280 4792 333 4872 ad
343 4790 584 4898 judicandum
602 4790 706 4873 vivos
723 4807 759 4871 et
773 4807 938 4888 mortuos,
966 4819 1033 4870 non
1052 4788 1150 4870 debet
1167 4788 1349 4902 quosquam
1359 4789 1525 4901 fidolium
1543 4797 1666 4876 cornis
1683 4796 1757 4907 ejus

232 4922 259 4958 “
276 4913 511 5022 etsonguinis
529 4913 659 4994 realem
675 4928 711 4992 et
730 4912 953 5021 corporalem,
967 4929 1008 4994 ut
1025 4912 1229 5024 loquuntur,
1236 4915 1467 5028 praestutiam
1483 4915 1523 4998 in
1542 4902 1757 5029 eucharistia

232 5046 259 5081 ‘⁸
278 5039 341 5119 vel
354 5036 494 5118 credere
511 5037 574 5119 vel
581 5034 784 5145 profiteri.”
854 5084 857 5088 -

491 5206 495 5215 ·
867 5194 870 5201 ¹
920 5155 993 5238 Bb
1663 5155 1753 5243 Tri·
