4244 5910
434 1255 484 1370 C
570 1254 633 1370 A
720 1249 783 1373 T
868 1258 931 1374 A
1020 1255 1074 1373 L
1161 1260 1219 1377 O
1308 1262 1368 1377 G
1455 1266 1513 1381 U
1599 1268 1640 1382 S

263 1551 792 1691 Librorum
844 1554 1802 1670 MANUSCRIPTORUM

294 1850 298 1857 '
324 1838 394 1922 IN
411 1840 844 1927 BIBLIOTHECA
863 1845 1043 1931 COLL.
1064 1819 1243 1930 CORP.
1264 1850 1515 1936 CHRIST.
1537 1857 1715 1939 CANT.

998 2862 1045 2982 Ι.

413 3143 564 3248 diversts
588 3142 763 3225 coloribus
781 3143 973 3253 splendide
996 3146 1231 3245 illuminatis,
1255 3148 1378 3256 seculo
1406 3146 1475 3229 xiv
1503 3167 1691 3246 exoratus,
1726 3180 1794 3260 quo

242 3017 497 3348 COD
510 3021 547 3104 E
559 3020 607 3102 X
618 3018 906 3102 membranaceus
925 3024 966 3105 in
980 3023 1081 3131 solio
1098 3023 1245 3133 inodori,
1275 3023 1397 3106 literis
1415 3023 1627 3108 initialibus
1645 3053 1737 3108 ouro
1757 3042 1794 3108 et

412 3270 656 3364 continentur,

300 3421 335 3473 1.
365 3392 528 3473 Tabula
547 3388 765 3472 moraiium
790 3388 895 3472 beati
915 3387 1117 3501 Gregorii,
1146 3393 1279 3504 inquo
1299 3408 1451 3475 notatur
1468 3394 1653 3476 exordium
1671 3393 1790 3509 cujus-

359 3512 422 3592 vis
439 3513 575 3622 cupitis
594 3512 696 3594 illius
714 3512 842 3620 operis.

292 3659 330 3715 2.
361 3632 665 3717 Concordantia
683 3631 902 3715 moralium
922 3632 1029 3718 beati
1050 3635 1252 3744 Gregorii.

291 3784 330 3865 3.
359 3756 523 3839 Tabula
543 3782 678 3838 rerum
700 3754 744 3837 in
763 3755 985 3839 moralibus
1005 3757 1111 3839 beati
1131 3756 1332 3868 Gregorii.

288 3907 329 3985 4.
360 3878 522 3960 Tabula
541 3905 674 3960 rerum
695 3875 738 3958 in
758 3876 945 3960 homeliis
965 3876 1072 3960 beati
1092 3878 1280 3987 Gregorii
1300 3877 1343 3960 in
1364 3878 1581 3986 evangelia.

291 4031 327 4111 ς.
357 4003 519 4084 Tabula
538 4029 688 4098 rerum,
709 4018 751 4082 ut
769 4000 933 4096 videtur,
954 3999 998 4081 in
1017 3999 1208 4083 omnibus
1229 4000 1417 4111 operibus
1439 4001 1544 4082 beati
1566 4001 1768 4109 Gregorii.

287 4128 326 4206 6.
356 4123 643 4234 Excerptiones
673 4120 862 4205 Gamerii
889 4119 1133 4230 Gregoriani
1161 4150 1211 4204 ex
1239 4120 1427 4231 operibus
1457 4119 1562 4202 beati
1594 4119 1780 4231 Gregorii
1932 4154 1937 4160 ·

352 4244 444 4323 Lib.
463 4245 541 4322 xvi.

274 4392 325 4476 7.
355 4360 676 4445 Reclinatorium
707 4359 869 4456 animae,
899 4359 995 4442 liber
1020 4365 1209 4444 extrarius
1237 4389 1283 4442 ex
1312 4362 1420 4442 libris
1449 4360 1645 4443 moralibus
1676 4361 1777 4448 beuti

354 4485 544 4593 Gregorii,
564 4504 600 4566 et
618 4486 659 4566 in
676 4484 738 4563 xii
741 4485 923 4592 strmones
942 4483 1094 4592 dioistos.

283 4607 322 4690 8.
353 4608 570 4718 Speculum
590 4605 791 4718 Gregorii,
801 4607 883 4712 five
902 4604 1190 4719 compendium
1211 4603 1408 4689 librorum
1431 4603 1660 4690 moralium.

1576 4757 1613 4836 9.
1645 4734 1771 4818 Com·

389 5122 407 5153 ,Ὦ
564 5039 609 5126 1.]
627 5041 690 5110 Ver.
709 5042 777 5108 Cot.
797 5038 874 5108 Sub.
890 5039 931 5108 C.
952 5062 1016 5220 LA
999 5040 1096 5107 MSS.
1113 5037 1200 5124 Angl.
1224 5037 1429 5124 πόας-356.
