4214 5910
308 622 410 776 23³2
996 625 1218 741 ccxvi.

371 868 405 920 1.
428 832 617 923 Roderici
645 832 710 941 [de
735 824 904 912 Averalo
935 830 1125 943 episcopi]
1159 829 1418 940 Caligaritani
1443 832 1658 946 disputatio
1678 837 1734 918 de
1761 866 1861 949 pace

434 956 691 1062 erb‘ellofol.
717 984 750 1034 1.

347 1110 404 1163 a.
430 1078 618 1185 Ejusdem
637 1074 765 1156 oratio
789 1072 1057 1157 exhortatoria
1077 1077 1127 1157 ad
1146 1078 1297 1159 bellum
1325 1077 1369 1162 in
1391 1082 1545 1161 Turcas
1565 1077 1857 1190 suscipiendum

422 1248 426 1257 ·
457 1202 499 1284 ol.
523 1203 588 1310 63.

425 1204 549 1406 illanc
575 1320 765 1402 orationem
784 1321 918 1430 excipit
947 1322 974 1401 S
988 1325 1029 1401 Y
1034 1323 1159 1401 LLO
1174 1324 1211 1402 G
1226 1325 1263 1402 E
1306 1326 1343 1403 E
1360 1324 1439 1403 ΡΙ
1446 1325 1473 1405 S
1489 1317 1572 1406 TO
1586 1329 1672 1408 LA
1683 1328 1720 1407 R
1739 1328 1852 1424 UM,

440 1472 590 1556 quarum
609 1442 775 1523 notitiam
796 1471 839 1522 ex
855 1440 1013 1522 rubricis
1033 1443 1161 1523 codicis
1179 1444 1391 1554 defirmptam
1409 1445 1564 1555 appostri.

369 1601 407 1678 3.
437 1565 614 1677 Epistola
630 1560 840 1643 dostiffimi
859 1561 933 1644 viri
950 1562 1112 1671 Georgii
1133 1562 1398 1675 Trapezuntii
1416 1566 1465 1645 ad
1488 1564 1732 1652 Rodericum
1749 1567 1851 1681 epis-

440 1714 587 1798 copum
613 1701 652 1765 et
678 1683 947 1780 castellanum,
973 1682 1017 1765 in
1043 1711 1123 1794 qua
1150 1712 1243 1766 eum
1265 1685 1487 1795 plurimum
1499 1691 1781 1787 commendat,
1811 1707 1851 1772 et

436 1811 616 1920 deplorat
633 1805 888 1889 incommoda
905 1804 1145 1915 captivitatis
1163 1804 1256 1901 suae,
1285 1824 1325 1887 et
1343 1824 1527 1917 precatur
1551 1812 1722 1893 eundem
1747 1811 1847 1923 epis-

437 1959 585 2044 copum
623 1948 670 2012 ut
703 1925 893 2036 fignificat
929 1927 1061 2011 causas
1087 1927 1166 2010 suae
1190 1927 1511 2012 incarcerationis
1534 1946 1574 2012 et
1597 1931 1849 2032 calamitatis,

366 2210 405 2288 4.
424 2057 610 2290 Jlipistola
643 2171 827 2256 Roderici
860 2170 1030 2284 episcopi
1056 2187 1096 2255 et
1119 2175 1317 2259 castellani
1347 2176 1396 2259 ad
1425 2176 1598 2258 eundem
1624 2177 1849 2288 Georgium

435 2296 771 2409 Trapezuntium,
791 2295 835 2376 in
855 2323 936 2405 qua
953 2296 1123 2378 ostendit
1141 2297 1273 2380 causas
1289 2296 1366 2379 suae
1383 2296 1638 2408 captivitatis,
1658 2316 1698 2380 et
1716 2301 1850 2409 arguit

440 2451 506 2504 eos
524 2420 596 2530 qui
614 2419 890 2528 obloquuntur
916 2436 954 2498 et
972 2418 1189 2502 detrahunt
1206 2418 1469 2531 principibus,
1493 2447 1616 2528 quare
1631 2414 1849 2511 concilium

435 2544 585 2627 salubre
602 2542 670 2623 dat
688 2539 814 2622 eidem
833 2538 1008 2648 Georgio
1025 2558 1074 2621 ut
1092 2568 1214 2649 quam
1231 2541 1344 2623 ocius
1363 2541 1563 2638 liberetur,
1575 2559 1619 2651 p.
1640 2571 1666 2653 7
1670 2569 1709 2653 5.

369 2696 408 2782 ς.
436 2665 611 2777 Epistola
631 2661 797 2745 Platinae
825 2662 875 2744 ad
897 2660 1384 2774 Rodericumepiscopum
1403 2662 1850 2771 Calagaritanum,-cas-

435 2790 628 2870 tellanum
640 2791 686 2867 8.
706 2780 851 2894 Angeli
869 2783 1150 2883 exhortatoria,
1180 2801 1228 2866 ut
1246 2785 1295 2866 ad
1314 2810 1407 2866 eum
1432 2782 1476 2866 in
1495 2810 1648 2868 carcere
1664 2784 1853 2871 vindlum

432 2909 574 2996 scribat
592 2906 900 2990 consolationem
919 2904 1091 2989 remedia
1109 2922 1250 2988 contra
1267 2904 1427 2988 vincula
1445 2906 1599 2990 dolores
1615 2907 1795 3021 corporis
1809 2930 1852 2997 et

438 3032 534 3116 alias
552 3029 695 3114 mundi
710 3028 921 3111 molestia-s.
942 3045 985 3138 p.
1003 3057 1068 3138 79.

368 3160 406 3243 6.
434 3150 819 3268 Epistola'Roderici
844 3148 1013 3261 episcopi
1035 3166 1084 3230 et
1109 3147 1307 3235 castellani
1328 3146 1608 3249 consolatoria,
1639 3151 1850 3237 ostendens

435 3277 554 3382 hujus
575 3273 691 3358 seculi
709 3272 864 3382 flagella
878 3272 1121 3355 medecinam
1133 3273 1253 3355 effect
1274 3274 1382 3383 signa
1395 3301 1495 3355 verae
1515 3273 1663 3381 salutis,
1677 3289 1719 3357 et
1735 3278 1850 3385 quod

434 3398 609 3513 plurima
626 3398 733 3479 bona
752 3395 915 3507 pariunt
934 3395 1030 3478 tales
1056 3395 1316 3492 adversitates,
1347 3395 1550 3506 presertim
1569 3397 1684 3478 dolor
1702 3423 1847 3509 corpo·

435 3520 504 3619 ris,
525 3520 691 3603 uincula
713 3545 803 3628 quae
833 3515 1016 3600 animum
1041 3546 1125 3600 non
1156 3519 1310 3601 laedunt
1336 3515 1550 3627 praesertim
1581 3515 1780 3629 sapientis,
1808 3536 1851 3602 et

436 3644 621 3726 hortatur
639 3642 688 3723 ad
706 3640 981 3723 constantiam.
999 3642 1074 3750 fol.
1096 3642 1159 3722 80.

368 3795 408 3878 7.
439 3765 614 3876 Epistola
635 3767 680 3847 B.
693 3761 858 3847 Platinae
870 3763 920 3843 ad
934 3761 1175 3844 Rodericum
1193 3762 1464 3859 castellanum,
1485 3780 1607 3871 quem
1621 3761 1849 3873 plurimum

275 3890 279 3897 '
437 3887 574 3970 laudat
598 3888 647 3969 de
666 3883 848 3966 dodtrina
865 3903 904 3966 et
922 3884 1174 3967 humanitate
1193 3885 1241 3967 ad
1261 3884 1435 3983 miseros,
1461 3901 1501 3965 et
1522 3882 1604 3993 agit
1625 3883 1774 3993 gratias
1797 3887 1849 3967 de

435 4006 615 4091 remediis
633 4009 684 4089 ad
702 4006 786 4114 ejus
805 4004 1150 4089 infelicitates&
1078 4007 1157 4119 fol.
1179 4008 1244 4119 83.

370 4134 406 4214 8.
436 4130 612 4271 Epistola
631 4126 815 4212 Roderici
842 4128 1040 4212 castellani
1067 4130 1116 4211 ad
1135 4127 1335 4211 Platinam
1354 4125 1586 4239 responsiva,
1611 4153 1849 4237 arguensa

436 4252 600 4336 micum
604 4250 861 4335 assentantem
877 4247 1050 4335 simulet
1067 4251 1311 4351 laudantem,
1330 4268 1369 4334 et
1387 4248 1558 4335 ostendit
1572 4266 1736 4421 propter
1754 4278 1850 4361 quae
1963 4252 1967 4259 ’

435 4403 535 4458 verae
554 4377 688 4457 laudes
706 4372 985 4456 dicantur!
917 4374 992 4484 sol.
1015 4376 1036 4455 8
1043 4403 1079 4482 5.

368 4497 677 4607 oEpistolaB.
699 4484 865 4579 Psatinae
891 4497 943 4577 ad
961 4495 1204 4578 Rodericum
1224 4492 1534 4595 castellanum,
1522 4520 1567 4577 rn
1585 4520 1668 4605 qua
1686 4490 1852 4579 misera-

435 4618 567 4705 biliter
579 4617 839 4729 conqueritur
857 4634 998 4700 contra
1015 4617 1234 4714 fortunam,
1253 4644 1345 4729 quae
1358 4644 1451 4699 eum
1471 4613 1587 4700 bonis
1604 4613 1757 4699 artibus
1775 4618 1851 4699 de·

433 4738 572 4823 ditum
584 4737 662 4823 suis
686 4736 913 4850 percusserit
929 4738 1060 4839 malis,
1079 4740 1190 4851 quod
1208 4736 1393 4823 attribuit
1411 4737 1561 4849 iniquae
1581 4737 1660 4821 suae
1677 4737 1852 4825 constel-

435 4858 590 4957 lationi,
610 4858 865 4971 eedesperare
882 4859 1050 4947 videtur.
1065 4863 1139 4974 sol.
1162 4861 1227 4946 86.

353 5008 432 5065 uo.
459 4980 639 5093 Epistola
665 4982 850 5068 Roderici
876 4982 1047 5099 episcopi
1073 4984 1115 5073 e't
1143 4984 1341 5070 castellani
1374 4986 1424 5070 ad
1442 4984 1620 5071 eundem
1645 4981 1851 5071 Platinam

1613 5101 1853 5217 responsiva,
