4214 5910
377 703 476 801 ¹34
1047 668 1242 764 CXIIL

493 867 542 935 ut
560 849 699 964 -pensro
723 849 937 960 assrgnetur
956 848 1140 935 Sleidano
1169 881 1193 935 a
1212 877 1315 962 rege,
1346 863 1393 933 ut
1421 847 1627 937 historiam
1648 850 1927 949 suamrefor-

495 972 686 1059 marionis
705 972 872 1055 ecclesiae
889 971 972 1080 jam
994 976 1148 1057 dudum
1167 975 1370 1084 inceptam
1392 971 1578 1082 perficere
1597 994 1733 1084 queat,
1755 995 1798 1086 p.
1821 1003 1883 1082 13·

427 1121 465 1204 ς.
495 1094 673 1206 Epistola
704 1095 882 1205 [Buceri]
913 1096 963 1178 ad
989 1099 1021 1178 1.
1039 1098 1291 1180 Haddonunt
1318 1099 1412 1179 data
1432 1100 1702 1208 Cantabrigiae
1727 1127 1778 1184 22
1798 1100 1922 1197 Maii,

501 1245 516 1299 1
525 1246 547 1326 ς
554 1245 618 1327 50,
647 1218 696 1299 de
715 1216 977 1301 matrimonio
996 1218 1205 1303 contrai'to
1224 1238 1264 1302 et
1283 1217 1563 1305 consummato
1582 1222 1717 1306 invitis
1738 1223 1921 1336 parenti-

497 1343 587 1437 bus,
613 1359 650 1452 p.
670 1368 737 1423 21,

427 1465 467 1545 6.
495 1461 675 1571 Epistola
707 1462 884 1573 [Buceri]
921 1465 971 1546 ad
1004 1465 1227 1550 Iohannem
1261 1465 1449 1548 Chekum
1482 1467 1532 1549 de
1564 1468 1679 1551 causa
1709 1468 1920 1577 cujusdam

495 1583 619 1668 Blithi
650 1583 808 1693 collegii
834 1583 928 1692 Jesu
954 1582 1061 1683 socii,
1093 1587 1165 1696 qui
1199 1586 1399 1700 papisticae
1431 1585 1701 1697 superstitioni
1731 1591 1917 1674 addictus

349 1751 386 1781 >f
490 1723 637 1818 praeter
662 1707 746 1789 duo
771 1705 962 1791 beneficia
989 1708 1242 1791 ecclesiastica
1265 1705 1448 1791 sodalitio
1473 1727 1516 1790 et
1544 1708 1702 1818 optimo
1726 1712 1918 1801 cubiculo

492 1826 624 1910 adhuc
639 1823 864 1925 fruebatur,
884 1845 923 1908 et
934 1845 1123 1938 nepotem
1138 1826 1256 1910 suum
1276 1825 1320 1910 in
1335 1826 1518 1911 sodalitio
1531 1830 1785 1916 successorem
1800 1830 1918 1918 insti·

492 1965 604 2029 tuere
623 1945 852 2044 nitebatur3
879 1948 974 2031 data
992 1947 1261 2059 cantabrigiae
1282 1977 1304 2058 3
1323 1953 1421 2032 Dec.
1447 1976 1566 2060 1550,
1587 1971 1631 2062 p·
1649 1982 1714 2063 31.

420 2099 464 2186 7.
492 2068 668 2153 Reasons
679 2069 773 2180 why
787 2070 858 2152 the
869 2071 999 2153 lordes
1017 2072 1168 2155 boorde
1182 2071 1349 2154 shoulde
1368 2072 1504 2154 rather
1522 2075 1571 2155 be
1589 2074 1692 2158 after
1703 2076 1772 2160 the
1785 2076 1919 2161 forme

372 2275 376 2284 ,
488 2189 538 2276 of
562 2219 585 2275 a
612 2191 719 2273 table
747 2189 848 2272 than
876 2190 925 2273 of
949 2219 1001 2273 an
1030 2194 1174 2290 aultar,
1202 2192 1410 2303 irrrprynted
1432 2212 1475 2274 at
1501 2197 1651 2280 London
1677 2197 1721 2308 by
1745 2198 1926 2282 Richara’

488 2313 655 2424 Graflm
666 2313 819 2421 printer
836 2333 871 2395 to
889 2313 948 2396 the
966 2313 1071 2422 kings
1090 2312 1258 2422 majestis,
1285 2340 1402 2422 1550,
1425 2333 1466 2424 p.
1484 2342 1551 2426 39.

376 2526 380 2536 ,
422 2435 462 2521 8.
490 2436 670 2548 Epistola
687 2435 829 2517 Buceri
847 2439 897 2518 de
914 2435 1177 2521 demoliendis
1198 2437 1404 2534 altaribus,
1427 2456 1469 2547 p.
1484 2464 1554 2544 41,

416 2590 460 2669 9.
489 2557 667 2668 Epistola
687 2557 827 2638 Buceri
847 2559 896 2639 ad
913 2562 1172 2668 Gropperum
1192 2561 1285 2641 data
1306 2561 1460 2641 Bormae
1489 2557 1678 2670 postridie
1701 2559 1913 2645 circumci-

488 2680 607 2764 sionis
633 2705 751 2788 1543,
771 2679 815 2761 in
834 2708 915 2791 qua
935 2682 971 2764 se
990 2678 1171 2764 defendit
1188 2683 1301 2793 quod
1319 2681 1533 2765 fecundam
1552 2710 1720 2767 uxorem
1741 2711 1912 2798 eamque

485 2800 650 2883 viduam
670 2818 812 2882 contra
830 2829 1002 2884 canones
1022 2804 1203 2898 duxerat,
1225 2819 1268 2909 p.
1286 2830 1313 2906 4
1317 2825 1354 2905 5.

420 2952 484 3034 ²10.
512 2921 692 3032 Epistola
711 2921 852 3002 Buceri
881 2924 930 3002 ad
950 2924 1123 3004 eundem
1151 2925 1245 3005 data
1262 2927 1415 3005 Bonnae
1443 2922 1569 3035 pridie
1593 2921 1784 3005 kalendas
1804 2926 1912 3008 Feb-

516 3038 667 3125 ruarias
690 3067 811 3149 1543,
831 3038 874 3123 in
893 3070 974 3153 qua
993 3042 1029 3124 se
1048 3038 1224 3127 vindicat
1242 3061 1384 3127 contra
1403 3042 1676 3140 Colonienses,
1696 3041 1844 3154 quibus
1863 3063 1915 3130 ut

379 3260 381 3268 y
511 3163 770 3247 Lutheranus
791 3163 926 3247 minus
944 3183 1081 3275 gratus
1102 3182 1199 3264 erat,
1223 3185 1264 3277 p.
1284 3193 1349 3275 57.

419 3317 484 3375 11.
513 3286 692 3398 Epistola
706 3285 848 3367 Buceri
866 3288 961 3370 data
975 3288 1163 3396 Augustae
1178 3315 1226 3369 ex
1246 3286 1387 3370 illustr.
1404 3286 1533 3397 princ.
1553 3284 1713 3369 elesior.
1730 3289 1910 3373 Brande-

510 3412 615 3515 burg
633 3405 845 3489 diversorio
864 3414 964 3519 Apr.
985 3438 1047 3518 13,
1074 3410 1191 3518 1548,
1220 3407 1263 3490 in
1289 3437 1370 3516 qua
1388 3408 1587 3490 summam
1615 3407 1807 3492 dostrinae
1826 3409 1908 3494 suae

510 3529 647 3625 tradit,
667 3530 772 3609 etde
791 3528 1040 3611 ecclefiarum
1061 3528 1385 3613 reconciliatione
1405 3529 1499 3638 agit,
1523 3547 1565 3639 p.
1583 3529 1650 3636 69.
1728 3628 1732 3637 1

418 3681 481 3740 sa.
510 3651 688 3764 Epistola
716 3649 858 3733 Buceri
886 3653 936 3732 ad
964 3670 1094 3761 patres
1124 3650 1322 3761 synodum
1349 3653 1616 3733 celebraturos
1650 3649 1712 3758 [in
1741 3649 1909 3737 dioecesi

513 3771 761 3878 Coloniensi]
782 3772 876 3854 data
894 3776 1046 3854 Bonnae
1068 3804 1091 3881 9
1108 3776 1203 3856 Feb.
1220 3778 1245 3854 '1
1256 3800 1348 3883 543,
1378 3772 1423 3855 in
1450 3799 1530 3882 qua
1550 3789 1679 3854 totam
1708 3773 1907 3860 doetrinae

509 3914 549 3979 et
568 3892 661 3977 fidei
680 3894 757 3975 suae
776 3893 974 4002 rationem
995 3894 1049 3977 eis
1069 3897 1255 3992 declarat,
1277 3915 1320 4006 p.
1339 3921 1406 4004 95.

380 4112 382 4117 k
420 4046 483 4130 13.
511 4015 692 4130 Epistola
710 4013 850 4096 Buceri
872 4017 965 4099 data
989 4044 1037 4124 17
1057 4015 1160 4100 Maii
1184 4042 1302 4126 1547,
1325 4015 1368 4097 in
1389 4043 1471 4125 qua
1492 4012 1574 4122 agit
1594 4015 1642 4097 de
1661 4015 1778 4098 rebus
1799 4021 1906 4100 Ger-

508 4136 677 4224 manicis
697 4135 912 4247 praesertim
931 4139 980 4219 de
998 4167 1094 4250 pace
1113 4166 1208 4221 cum
1227 4137 1467 4249 imperatore
1486 4133 1606 4232 faeta,
1629 4154 1671 4243 p.
1695 4164 1786 4246 119.

419 4293 483 4373 14.
511 4259 689 4374 Epistola
702 4257 844 4341 Buceri
858 4259 908 4341 ad
923 4258 1202 4369 Bullingerum
1216 4262 1310 4342 data
1324 4254 1584 4366 Argentorati
1603 4284 1650 4337 21
1670 4259 1762 4364 Jan.
1783 4286 1798 4338 1
1808 4287 1861 4368 54
1864 4289 1906 4370 5,

508 4384 553 4467 in
572 4409 653 4492 qua
671 4380 756 4490 agit
775 4382 823 4462 de
842 4379 946 4464 libro
965 4380 1187 4491 Bullingeri
1205 4397 1347 4463 contra
1364 4377 1601 4473 Cochleum,
1631 4396 1672 4459 et
1690 4379 1740 4460 de
1758 4378 1907 4465 dissen-

381 4598 385 4605 ‚
508 4506 621 4587 tione
649 4502 754 4585 inter
782 4501 965 4584 doctores
992 4503 1153 4585 eeclesrae
1181 4501 1409 4585 reformatae
1439 4500 1488 4579 de
1514 4494 1751 4580 eucharistia
1776 4526 1907 4609 quam

382 4640 384 4644 ‘
506 4609 622 4706 valde
643 4625 837 4732 deplorat,
866 4624 1056 4733 additque
1074 4624 1261 4733 quadam
1285 4623 1334 4705 de
1362 4617 1532 4732 presenti
1553 4618 1657 4701 statu
1676 4620 1907 4707 Germania·

508 4762 550 4827 et
568 4748 616 4827 de
633 4743 805 4827 concilio
825 4744 1010 4827 Trident.
1029 4773 1054 4828 a
1071 4747 1199 4827 Paulo
1217 4749 1278 4827 III
1298 4758 1497 4838 revocat0,
1520 4758 1563 4849 p.
1585 4763 1675 4850 ¹²7²

418 4894 437 4952 1
444 4894 481 4980 ς.
510 4863 688 4975 Epistola
702 4861 843 4946 Buceri
863 4865 913 4947 ad
929 4862 1208 4968 Bibliandrum
1226 4866 1276 4948 de
1291 4859 1552 4957 carlostadio,
1571 4860 1621 4942 de
1636 4861 1908 4948 controverfia

508 4984 615 5068 inter
632 4983 860 5067 Lutherum
879 5001 920 5066 et
939 4985 1192 5097 Zuinglium,
1217 5004 1258 5075 et
1278 4982 1422 5070 defuis
1444 4979 1626 5093 [Buceri]
1647 4982 1907 5069 retrastioni-

329 5209 357 5221 .—
502 5109 593 5206 bus,
613 5122 769 5217 p.133.

1630 5221 1694 5309 16.
1720 5220 1907 5336 Epistola
