4214 5910
919 673 1103 768 xx1v.
1736 710 1796 804 η
1903 649 1904 653 Ὗ

261 873 289 911 “
309 863 408 946 dum
425 863 539 947 sacrae
559 859 769 969 theologiae
795 858 1001 945 douorem
1025 877 1123 943 tunc
1142 859 1423 945 cancellarium
1444 859 1634 946 London.
1663 863 1806 950 deinde

261 997 288 1033 “
310 987 479 1070 eleEium
503 990 696 1068 Cantuar.
716 999 756 1063 et
775 982 961 1066 Lincoln.
993 982 1226 1090 magistrum
1248 983 1453 1070 Thomam
1471 987 1521 1069 de
1536 985 1804 1099 Bradwardyn

260 1118 517 1219 “procuratus
540 1127 616 1189 tum
640 1105 691 1187 ad
713 1107 883 1214 eccleſsum
904 1165 1046 1187 .....
1058 1124 1129 1215 per
1139 1108 1309 1217 fratrem
1327 1099 1491 1190 Iouemem
1515 1110 1557 1192 de
1574 1109 1741 1218 Pressoue
1761 1112 1805 1195 de

257 1233 443 1342 Somersete
459 1229 662 1314 monachum
676 1228 821 1367 ejusdem
840 1258 896 1309 ecc
895 1230 982 1338 leste
999 1257 1090 1308 anuo
1104 1227 1323 1310 dominil
1254 1230 1323 1310 mil
1318 1231 1426 1338 lefimo
1441 1233 1581 1314 CCC⁰⁰
1595 1235 1799 1319 XLV1110.

315 1359 472 1462 “Qem
491 1353 583 1436 titul
578 1382 637 1434 um
655 1352 851 1461 quicunque
863 1350 1125 1458 fraudulenter
1140 1351 1311 1432 deleverit
1331 1352 1530 1463 librumque
1545 1353 1594 1435 ab
1610 1355 1732 1452 eadem
1745 1385 1809 1438 ec

259 1476 406 1585 “desta
430 1476 651 1557 alienaverit
672 1473 785 1554 deleat
809 1503 886 1553 eum
904 1476 1009 1554 Deus
1031 1470 1074 1552 de
1095 1471 1199 1553 libro
1211 1472 1304 1553 vitu
1327 1492 1362 1555 et
1379 1476 1604 1558 anathemate
1613 1476 1804 1584 feriatur.

258 1598 385 1679 “Pro
403 1599 502 1706 cujm
519 1598 644 1678 anima
654 1595 808 1702 pietatis
823 1593 976 1705 obsequio
992 1592 1152 1674 devotius
1169 1598 1372 1676 exoretur.''

311 1720 381 1802 Ad
378 1722 494 1831 finem
512 1718 639 1801 codicis
656 1715 844 1812 habentur,

317 1869 351 1924 1.
382 1841 558 1952 Epistola
573 1837 761 1921 Bernardi
775 1837 983 1922 Clarevall.
1010 1835 1061 1919 ad
1080 1765 1369 1921 Innocentium·
1383 1866 1532 1951 papam
1542 1841 1592 1924 de
1604 1835 1801 1924 heresibus

288 1987 290 1992 ·
382 1963 580 2047 Abelardi.
1726 2031 1729 2036 .

313 2117 351 2181 2.
381 2081 676 2170 Condemnatio
695 2082 953 2192 quorundam-
971 2078 1237 2167 hereticorum
1257 2082 1498 2194 opinionum
1521 2112 1591 2198 per
1610 2089 1805 2171 Ioannem

259 2209 491 2323 [Peccham]
515 2204 853 2318 archiepiscopum
871 2210 1065 2288 Cantuar.
1086 2214 1138 2288 A.
1154 2208 1209 2288 D.
1237 2207 1353 2289 1286.

920 2361 1134 2554 XXV.

312 2600 427 2684 Codex
443 2597 725 2683 membranaceus
742 2600 898 2710 insilio,
905 2600 1024 2712 seculo
1040 2631 1095 2684 xv
1111 2617 1295 2697 exaratus,
1314 2626 1380 2710 quo
1396 2601 1634 2695 continentur,

312 2720 500 2833 Epistolae
528 2720 635 2804 beati
662 2721 854 2834 Cypriani
883 2720 1054 2835 episcopi
1078 2719 1370 2834 cartaginensis
1400 2719 1540 2833 magni
1568 2713 1737 2804 oratoris
1762 2730 1809 2799 et:

256 2842 415 2956 gloriosi
435 2842 623 2942 martiris,
652 2845 830 2928 videlicet.
1000 2876 1005 2886 ’

320 2995 354 3050 1.
384 2966 562 3077 Epistola
582 2967 632 3050 ad
650 2973 875 3050 Donatum.

314 3117 353 3172 2.
381 3093 445 3173 De
464 3086 670 3201 disciplina
688 3106 728 3171 et
745 3087 887 3175 habitu
906 3086 1124 3199 virginum.

315 3241 355 3322 3.
383 3211 561 3323 Epistola
579 3213 627 3293 de
646 3209 774 3323 lapsas.

194 3345 200 3357 “
314 3362 354 3439 4.
385 3339 448 3416 De
467 3332 622 3417 unitate
640 3331 818 3416 ecclesie.
981 3350 984 3361 '

316 3483 355 3566 ς.
384 3453 563 3567 Epistola
580 3457 628 3536 de
644 3453 847 3539 dominica
865 3450 1062 3539 oracione.

316 3581 355 3660 6.
385 3580 449 3660 De
468 3578 725 3661 mortalitate.

314 3725 356 3811 7.
385 3703 449 3783 De
467 3728 584 3811 opere
603 3718 643 3782 et
660 3695 882 3782 elemosina.

155 3826 160 3833 ’
317 3822 355 3906 8.
383 3823 450 3904 Ad
471 3822 790 3907 Demetrianum.

222 4014 225 4019 ,
318 3973 358 4054 9.
386 3943 565 4056 Epistola
584 3946 632 4027 de
650 3944 760 4027 bono
778 3938 1002 4056 patienciae.

321 4093 384 4149 10.
413 4072 477 4153 De
496 4070 584 4150 zelo
600 4084 642 4150 et
659 4065 795 4150 livore.
928 4106 932 4114 ·

322 4215 385 4271 11.
415 4191 480 4273 Ad
499 4193 771 4273 Fortunatum
789 4187 838 4269 de
854 4185 1066 4272 tolerantia
1084 4183 1384 4298 persecutionis..

322 4337 384 4393 12.
413 4312 480 4394 Ad
500 4310 724 4418 Qirinum
741 4312 790 4392 de
808 4308 1051 4393 sacramento
1069 4307 1230 4393 Christi.

323 4460 386 4543 13·
414 4434 478 4517 Ad
498 4435 670 4517 eundem
687 4436 735 4516 de
755 4426 959 4539 disciplina
979 4430 1198 4516 cluistianae
1216 4424 1432 4541 religionis.

324 4562 387 4660 14.
418 4555 483 4638 Ad
501 4556 783 4640 Antonianum
803 4554 851 4634 de
868 4551 990 4640 heresa
1007 4550 1243 4639 Novaciani.

324 4703 341 4760 1
349 4703 388 4787 ς.
418 4682 482 4763 De
498 4677 679 4764 hereticis
698 4675 950 4791 baptizandis
969 4679 1023 4761 ad·
1039 4674 1290 4790 Pompeium.

1556 4793 1709 4905 16.1·7.
1738 4791 1809 4877 Ad*

820 5112 965 5199 1XXV.]
981 5112 1045 5188 Vct.
1062 5111 1134 5182 Get..
1144 5108 1184 5182 1..
1203 5129 1233 5184 ι.
