4214 5910
278 681 342 775 66
1048 671 1106 766 C.

337 896 397 953 10.
427 867 575 979 speech
594 862 644 948 of
661 861 712 945 sn·
730 861 924 947 Nicholas
944 864 1084 944 Cascw
1109 875 1151 944 at
1177 856 1240 944 his
1259 858 1470 945 execution
1492 888 1548 944 on
1560 864 1825 968 Tower-hill,

431 992 577 1075 March
603 1021 640 1098 3,
678 987 805 1097 15383
836 983 1159 1070 communicated
1186 999 1232 1068 to
1258 982 1497 1097 archbithop
1524 986 1672 1071 Parker
1694 991 1749 1103 by
1774 992 1826 1076 fir

291 1152 294 1157 ’
432 1116 586 1197 Robert
606 1109 782 1206 chester,
804 1129 845 1223 p.
868 1140 961 1221 333.

340 1269 401 1323 11.
431 1231 759 1350 Representation
783 1232 833 1315 of
852 1234 922 1316 the
946 1230 1045 1318 state
1067 1229 1117 1316 of
1135 1232 1205 1317 the
1227 1227 1417 1319 christian
1435 1228 1553 1317 ssaves
1580 1232 1625 1318 in
1645 1237 1827 1352 Turkey,

344 1513 403 1568 12.
427 1363 594 1566 {idriis
613 1482 657 1566 in
677 1480 879 1592 England,
906 1508 952 1565 12
972 1479 1076 1564 Eliz.

1006 1689 1106 1807 CI.

334 1858 449 1940 Codex
465 1857 673 1940 chartaceus
691 1854 846 1967 infolio,
852 1857 972 1968 sscnlo
989 1853 1241 1964 xviscrrptas,
1260 1855 1301 1936 in
1319 1881 1385 1966 qno
1402 1854 1641 1952 continentur,

342 2009 376 2063 1.
405 1980 583 2092 Epistola
602 1979 770 2062 Henrici
788 1980 836 2060 de
855 1976 1129 2088 Huntingdon
1148 1979 1199 2059 ad
1213 1978 1433 2060 Wan'nusn
1450 1977 1498 2058 de
1516 1975 1675 2087 regibus
1694 1978 1831 2064 Bn'to·

405 2128 522 2200 num,
556 2103 614 2211 [in
633 2101 865 2210 membranis]
889 2122 932 2212 p.
958 2131 991 2183 1.
1664 2115 1666 2118 ’

410 2239 436 2275 “
456 2232 551 2308 Hac
579 2227 804 2308 continentur
830 2227 871 2306 in
886 2226 967 2335 stne
992 2224 1149 2331 historia
1173 2223 1366 2337 Sigislrerti
1389 2225 1640 2336 Gemblacerfis
1658 2240 1731 2336 per
1754 2229 1832 2310 Ro-

407 2350 546 2431 bertum
574 2347 615 2429 de
641 2344 806 2433 ‘Torimio
830 2348 991 2430 abbatem
1021 2352 1061 2429 S.
1083 2347 1278 2430 Michaelis
1305 2349 1348 2431 de
1371 2351 1498 2431 Monte
1527 2347 1568 2429 in
1597 2351 1833 2433 Narmannia

405 2473 579 2583 'quondam
591 2472 752 2581 priorem
772 2468 920 2552 cenobii
936 2473 1124 2582 Beccerfis.

340 2622 377 2678 2.
406 2594 560 2678 Nennii
578 2621 637 2674 res
655 2594 771 2702 gestae
792 2592 1020 2692 Britonum,
1042 2613 1085 2704 p.
1107 2621 1146 2704 7.

406 2719 517 2828 Deest
528 2718 704 2828 prefatio,
717 2716 788 2828 sed
802 2717 974 2826 adfinem
997 2717 1173 2801 habentur
1190 2749 1244 2799 xx
1261 2736 1339 2828 cap.
1360 2717 1401 2801 de
1424 2715 1652 2802 mirabilibus
1671 2712 1834 2806 Britan·
1950 2801 1958 2812 ,

408 2842 494 2938 nia,
515 2840 641 2952 insula
661 2843 797 2929 ortona,
818 2859 853 2920 et
871 2838 1066 2921 Hiberniae
1084 2872 1109 2922 a
1128 2841 1183 2922 Cl.
1205 2842 1297 2922 Gale
1314 2871 1381 2923 non
1400 2840 1511 2922 edita.
1744 2836 1747 2841 ’

339 2996 378 3078 3.
408 2963 504 3045 Vita
522 2961 747 3045 sanetiffimi
773 2980 894 3074 atque
921 2961 1154 3046 devotiffimi
1171 2960 1246 3045 viri
1264 2962 1394 3048 Gildae
1412 2991 1436 3046 a
1455 2964 1660 3051 caradoco
1678 2969 1835 3054 Nacar·

408 3083 568 3168 banenfi
589 3083 744 3196 scripta,
768 3104 809 3196 p.
830 3115 898 3195 43.

406 3211 523 3292 Nihil
546 3210 768 3291 memorabile
785 3212 939 3292 eontinet
957 3212 1033 3294 bac
1053 3211 1201 3321 historia
1221 3209 1558 3322 pstudo-miraculis
1584 3213 1737 3325 referta,
1767 3217 1837 3326 nist

409 3333 501 3444 qnod
524 3334 589 3413 duo
619 3351 736 3441 opera,
768 3364 877 3414 unum
907 3353 1061 3444 quatuor
1084 3334 1397 3444 evangelistarum,
1429 3336 1583 3418 alterum
1614 3337 1655 3419 de
1679 3337 1834 3450 historiis

407 3456 635 3552 Britannia,
655 3455 777 3536 Gildae
793 3456 939 3538 tribuit.

339 3606 379 3684 4.
410 3577 612 3662 Geneseeos
632 3574 763 3687 capita
781 3576 873 3659 xxiv
891 3578 1025 3689 priora
1045 3578 1237 3662 Saxonice
1256 3608 1327 3691 per
1346 3577 1573 3664 AElfrisum.
1675 3660 1679 3665 ,

409 3701 564 3809 Verstoni
582 3701 807 3811 praefigitur,
830 3712 889 3780 Ao
910 3728 1179 3805 scpsptupapum
1205 3705 1385 3780 lectsonem
1410 3707 1609 3803 exhoptano
1622 3705 1775 3816 stampta
1790 3738 1835 3791 ex

396 3822 558 3937 sermone
577 3827 625 3904 Β.
642 3823 840 3932 Augustini
856 3824 898 3905 de
911 3842 1088 3934 tempore:
1111 3824 1204 3907 hanc
1220 3853 1305 3906 vero
1325 3824 1460 3934 excipit
1477 3825 1642 3937 epistola
1662 3828 1833 3915 AElfn'ci.

343 3972 381 4055 ς.
410 3943 643 4027 Protestatio
661 3943 769 4027 facia
785 3945 952 4028 nomine
970 3945 1138 4031 Henrici
1151 3951 1224 4044 VI,
1243 3973 1295 4028 ne
1309 3944 1399 4056 quis
1418 3948 1570 4055 legatus
1586 3948 1834 4061 ingrediatur

408 4095 580 4177 regnum
598 4067 678 4149 fine
696 4067 856 4151 licentia
874 4068 995 4181 ipstus
1021 4071 1139 4179 1428,
1161 4090 1204 4181 p.
1225 4069 1291 4180 87.

337 4197 384 4274 In
394 4191 595 4302 primordis
613 4192 715 4301 bras'us
732 4195 850 4301 regni,
877 4194 1060 4304 optimates
1078 4197 1118 4275 in
1136 4194 1295 4304 diversas
1311 4192 1480 4275 abierunt
1496 4212 1635 4304 partes,
1660 4198 1732 4279 alii
1748 4197 1835 4280 duci

207 4426 212 4433 .
281 4317 323 4399 de
340 4316 545 4425 Glocellria,
571 4315 642 4395 alii
659 4317 843 4399 cardinali
859 4317 900 4397 de
919 4318 1146 4428 Beansortse
1164 4317 1377 4412 addicentes,
1399 4316 1482 4397 dam
1502 4319 1622 4427 igitur
1640 4317 1682 4400 de
1684 4321 1834 4432 stamma

273 4437 440 4549 potestate
452 4440 550 4520 inter
555 4439 599 4548 st’
611 4438 866 4549 disceptabant,
886 4458 950 4549 apo
977 4440 1077 4523 olicae
1081 4439 1179 4554 sedis
1192 4441 1329 4548 legatus
1345 4440 1546 4523 nominatus
1560 4440 1832 4549 eslcardinalis,

1687 4586 1834 4650 veritus

336 4841 413 4926 CL]
431 4844 493 4910 Vct.
511 4850 577 4912 Cat.
594 4846 687 4914 Misc.
704 4848 755 4916 M.
771 4851 868 4920 MSS.
884 4850 970 4934 Angl.
991 4851 1191 4942 1641-374.

335 4939 386 5021 2.]
402 4941 472 5007 Vide
486 4941 678 5008 CXXXIX.
698 4965 750 5012 22.

336 5034 387 5122 3.]
404 5038 472 5105 naa
487 5037 679 5105 cxxxna
699 5031 752 5125 24.

332 5129 384 5216 4.]
400 5131 471 5203 Viae
484 5131 734 5204 cccnxxlX.
750 5157 782 5226 ³·
