<?xml version="1.0" encoding="UTF-8"?>
<!DOCTYPE html PUBLIC "-//W3C//DTD XHTML 1.0 Transitional//EN"
    "http://www.w3.org/TR/xhtml1/DTD/xhtml1-transitional.dtd">
<html xmlns="http://www.w3.org/1999/xhtml" xml:lang="en" lang="en">
 <head>
  <title>
</title>
<meta http-equiv="Content-Type" content="text/html;charset=utf-8" />
  <meta name='ocr-system' content='tesseract 3.04.00' />
  <meta name='ocr-capabilities' content='ocr_page ocr_carea ocr_par ocr_line ocrx_word'/>
</head>
<body>
  <div class='ocr_page' id='page_1' title='image "./cataloguslibror00librgoog_0016.png"; bbox 0 0 4214 5910; ppageno 0'>
   <div class='ocr_carea' id='block_1_1' title="bbox 607 701 1360 789">
    <p class='ocr_par' dir='ltr' id='par_1_1' title="bbox 607 701 1360 789">
     <span class='ocr_line' id='line_1_1' title="bbox 607 701 1360 789; baseline 0.004 -5"><span class='ocrx_word' id='word_1_1' title='bbox 607 701 1360 789; x_wconf 66' lang='lat' dir='ltr'><strong>&#39;PREFATIQ</strong></span> 
     </span>
    </p>
   </div>
   <div class='ocr_carea' id='block_1_2' title="bbox 241 879 1782 1608">
    <p class='ocr_par' dir='ltr' id='par_1_2' title="bbox 241 879 1782 1608">
     <span class='ocr_line' id='line_1_2' title="bbox 243 879 1782 1002; baseline -0.003 -29"><span class='ocrx_word' id='word_1_2' title='bbox 243 879 453 1000; x_wconf 58' lang='lat' dir='ltr'><em>torporata.</em></span> <span class='ocrx_word' id='word_1_3' title='bbox 509 882 711 969; x_wconf 86' lang='lat' dir='ltr'><em>Probibnit</em></span> <span class='ocrx_word' id='word_1_4' title='bbox 742 886 819 969; x_wconf 83' lang='lat' dir='ltr'><em>boec</em></span> <span class='ocrx_word' id='word_1_5' title='bbox 847 888 918 985; x_wconf 87' lang='lat' dir='ltr'><em>lex,</em></span> <span class='ocrx_word' id='word_1_6' title='bbox 949 887 1003 970; x_wconf 92' lang='lat' dir='ltr'><em>ad</em></span> <span class='ocrx_word' id='word_1_7' title='bbox 1028 885 1128 992; x_wconf 80' lang='lat' dir='ltr'><em>cujus</em></span> <span class='ocrx_word' id='word_1_8' title='bbox 1155 885 1417 996; x_wconf 81' lang='lat' dir='ltr'><em>observantiam</em></span> <span class='ocrx_word' id='word_1_9' title='bbox 1443 914 1555 970; x_wconf 89' lang='lat' dir='ltr'><em>onnes</em></span> <span class='ocrx_word' id='word_1_10' title='bbox 1571 884 1782 1002; x_wconf 82' lang='lat' dir='ltr'><em>juramento</em></span> 
     </span>
     <span class='ocr_line' id='line_1_3' title="bbox 243 1007 1778 1122; baseline 0.001 -30"><span class='ocrx_word' id='word_1_11' title='bbox 243 1009 495 1120; x_wconf 82' lang='lat' dir='ltr'><em>astringimur,</em></span> <span class='ocrx_word' id='word_1_12' title='bbox 523 1039 568 1092; x_wconf 91' lang='lat' dir='ltr'><em>ne</em></span> <span class='ocrx_word' id='word_1_13' title='bbox 593 1007 723 1092; x_wconf 89' lang='lat' dir='ltr'><em>codices</em></span> <span class='ocrx_word' id='word_1_14' title='bbox 742 1010 822 1108; x_wconf 89' lang='lat' dir='ltr'><em>illa,</em></span> <span class='ocrx_word' id='word_1_15' title='bbox 850 1039 956 1120; x_wconf 87' lang='lat' dir='ltr'><em>quarn</em></span> <span class='ocrx_word' id='word_1_16' title='bbox 973 1027 1144 1122; x_wconf 81' lang='lat' dir='ltr'><em>optarem,</em></span> <span class='ocrx_word' id='word_1_17' title='bbox 1172 1008 1365 1117; x_wconf 80' lang='lat' dir='ltr'><em>diligentia</em></span> <span class='ocrx_word' id='word_1_18' title='bbox 1389 1010 1488 1090; x_wconf 87' lang='lat' dir='ltr'><em>inter</em></span> <span class='ocrx_word' id='word_1_19' title='bbox 1500 1011 1545 1120; x_wconf 77' lang='lat' dir='ltr'><em>fio</em></span> <span class='ocrx_word' id='word_1_20' title='bbox 1563 1012 1778 1119; x_wconf 74' lang='lat' dir='ltr'><em>consecrant.</em></span> 
     </span>
     <span class='ocr_line' id='line_1_4' title="bbox 243 1130 1779 1242; baseline -0.003 -24"><span class='ocrx_word' id='word_1_21' title='bbox 243 1138 309 1218; x_wconf 77' lang='lat' dir='ltr'><em>Ea</em></span> <span class='ocrx_word' id='word_1_22' title='bbox 324 1132 538 1242; x_wconf 84' lang='lat' dir='ltr'><em>tarnenfceit</em></span> <span class='ocrx_word' id='word_1_23' title='bbox 556 1132 762 1214; x_wconf 85' lang='lat' dir='ltr'><em>hunanitas</em></span> <span class='ocrx_word' id='word_1_24' title='bbox 778 1148 814 1213; x_wconf 88' lang='lat' dir='ltr'><em>et</em></span> <span class='ocrx_word' id='word_1_25' title='bbox 830 1133 998 1241; x_wconf 85' lang='lat' dir='ltr'><em>magistri</em></span> <span class='ocrx_word' id='word_1_26' title='bbox 1013 1151 1049 1213; x_wconf 91' lang='lat' dir='ltr'><em>et</em></span> <span class='ocrx_word' id='word_1_27' title='bbox 1052 1131 1247 1240; x_wconf 84' lang='lat' dir='ltr'><em>sociorum,</em></span> <span class='ocrx_word' id='word_1_28' title='bbox 1276 1130 1402 1241; x_wconf 86' lang='lat' dir='ltr'><em>quibus</em></span> <span class='ocrx_word' id='word_1_29' title='bbox 1420 1161 1474 1212; x_wconf 85' lang='lat' dir='ltr'><em>noe</em></span> <span class='ocrx_word' id='word_1_30' title='bbox 1501 1148 1534 1212; x_wconf 89' lang='lat' dir='ltr'><em>et</em></span> <span class='ocrx_word' id='word_1_31' title='bbox 1555 1132 1616 1213; x_wconf 89' lang='lat' dir='ltr'><em>boc</em></span> <span class='ocrx_word' id='word_1_32' title='bbox 1632 1152 1667 1214; x_wconf 93' lang='lat' dir='ltr'><em>et</em></span> <span class='ocrx_word' id='word_1_33' title='bbox 1692 1134 1779 1214; x_wconf 88' lang='lat' dir='ltr'><em>aliis</em></span> 
     </span>
     <span class='ocr_line' id='line_1_5' title="bbox 242 1252 1777 1364; baseline -0.003 -24"><span class='ocrx_word' id='word_1_34' title='bbox 242 1255 443 1340; x_wconf 80' lang='lat' dir='ltr'><em>nominibus</em></span> <span class='ocrx_word' id='word_1_35' title='bbox 459 1252 610 1337; x_wconf 84' lang='lat' dir='ltr'><em>maltum</em></span> <span class='ocrx_word' id='word_1_36' title='bbox 626 1252 749 1337; x_wconf 85' lang='lat' dir='ltr'><em>debere</em></span> <span class='ocrx_word' id='word_1_37' title='bbox 761 1271 873 1363; x_wconf 90' lang='lat' dir='ltr'><em>grato</em></span> <span class='ocrx_word' id='word_1_38' title='bbox 890 1257 1011 1337; x_wconf 89' lang='lat' dir='ltr'><em>anirno</em></span> <span class='ocrx_word' id='word_1_39' title='bbox 1028 1253 1204 1363; x_wconf 75' lang='lat' dir='ltr'><em>confiteor,</em></span> <span class='ocrx_word' id='word_1_40' title='bbox 1232 1271 1275 1334; x_wconf 86' lang='lat' dir='ltr'><em>ut</em></span> <span class='ocrx_word' id='word_1_41' title='bbox 1295 1270 1366 1362; x_wconf 85' lang='lat' dir='ltr'><em>per</em></span> <span class='ocrx_word' id='word_1_42' title='bbox 1382 1254 1535 1364; x_wconf 85' lang='lat' dir='ltr'><em>quinque</em></span> <span class='ocrx_word' id='word_1_43' title='bbox 1547 1253 1639 1364; x_wconf 87' lang='lat' dir='ltr'><em>fere</em></span> <span class='ocrx_word' id='word_1_44' title='bbox 1655 1284 1777 1354; x_wconf 89' lang='lat' dir='ltr'><em>annos,</em></span> 
     </span>
     <span class='ocr_line' id='line_1_6' title="bbox 241 1372 1777 1490; baseline -0.001 -29"><span class='ocrx_word' id='word_1_45' title='bbox 241 1378 371 1490; x_wconf 80' lang='lat' dir='ltr'><em>quibus</em></span> <span class='ocrx_word' id='word_1_46' title='bbox 387 1378 430 1460; x_wconf 91' lang='lat' dir='ltr'><em>in</em></span> <span class='ocrx_word' id='word_1_47' title='bbox 446 1377 509 1459; x_wconf 89' lang='lat' dir='ltr'><em>boc</em></span> <span class='ocrx_word' id='word_1_48' title='bbox 525 1392 626 1484; x_wconf 81' lang='lat' dir='ltr'><em>opere</em></span> <span class='ocrx_word' id='word_1_49' title='bbox 642 1374 824 1473; x_wconf 86' lang='lat' dir='ltr'><em>laborovi,</em></span> <span class='ocrx_word' id='word_1_50' title='bbox 855 1376 1040 1459; x_wconf 81' lang='lat' dir='ltr'><em>licentiam</em></span> <span class='ocrx_word' id='word_1_51' title='bbox 1067 1373 1198 1457; x_wconf 91' lang='lat' dir='ltr'><em>codices</em></span> <span class='ocrx_word' id='word_1_52' title='bbox 1224 1375 1266 1456; x_wconf 91' lang='lat' dir='ltr'><em>in</em></span> <span class='ocrx_word' id='word_1_53' title='bbox 1285 1372 1462 1456; x_wconf 86' lang='lat' dir='ltr'><em>cameram</em></span> <span class='ocrx_word' id='word_1_54' title='bbox 1481 1375 1688 1487; x_wconf 79' lang='lat' dir='ltr'><em>asportandi</em></span> <span class='ocrx_word' id='word_1_55' title='bbox 1700 1378 1777 1487; x_wconf 89' lang='lat' dir='ltr'><em>fa-</em></span> 
     </span>
     <span class='ocr_line' id='line_1_7' title="bbox 241 1492 1779 1608; baseline -0.001 -24"><span class='ocrx_word' id='word_1_56' title='bbox 241 1500 378 1584; x_wconf 82' lang='lat' dir='ltr'><em>cilline</em></span> <span class='ocrx_word' id='word_1_57' title='bbox 386 1492 621 1592; x_wconf 80' lang='lat' dir='ltr'><em>concederent,</em></span> <span class='ocrx_word' id='word_1_58' title='bbox 634 1494 878 1579; x_wconf 84' lang='lat' dir='ltr'><em>bibliothecam</em></span> <span class='ocrx_word' id='word_1_59' title='bbox 896 1498 1100 1608; x_wconf 64' lang='lat' dir='ltr'><em>abundise</em></span> <span class='ocrx_word' id='word_1_60' title='bbox 1118 1497 1257 1580; x_wconf 87' lang='lat' dir='ltr'><em>cornitcs</em></span> <span class='ocrx_word' id='word_1_61' title='bbox 1267 1496 1501 1606; x_wconf 85' lang='lat' dir='ltr'><em>benignifflrne</em></span> <span class='ocrx_word' id='word_1_62' title='bbox 1512 1497 1731 1607; x_wconf 80' lang='lat' dir='ltr'><em>praeberent,</em></span> <span class='ocrx_word' id='word_1_63' title='bbox 1742 1516 1779 1582; x_wconf 84' lang='lat' dir='ltr'><em>ct</em></span> 
     </span>
    </p>
   </div>
   <div class='ocr_carea' id='block_1_3' title="bbox 100 1617 1776 1730">
    <p class='ocr_par' dir='ltr' id='par_1_3' title="bbox 100 1617 1776 1730">
     <span class='ocr_line' id='line_1_8' title="bbox 100 1617 1776 1730; baseline -0.001 -25"><span class='ocrx_word' id='word_1_64' title='bbox 100 1630 103 1634; x_wconf 65' lang='lat'>‘</span> <span class='ocrx_word' id='word_1_65' title='bbox 242 1619 590 1726; x_wconf 77' lang='lat' dir='ltr'><em>denoncnotogon</em></span> <span class='ocrx_word' id='word_1_66' title='bbox 599 1617 1093 1730; x_wconf 73' lang='lat' dir='ltr'><em>qualitercunque&#39;confeblurn</em></span> <span class='ocrx_word' id='word_1_67' title='bbox 1091 1618 1175 1728; x_wconf 77' lang='lat' dir='ltr'><em>stris</em></span> <span class='ocrx_word' id='word_1_68' title='bbox 1184 1619 1342 1730; x_wconf 72' lang='lat' dir='ltr'><em>imperfis</em></span> <span class='ocrx_word' id='word_1_69' title='bbox 1350 1619 1443 1729; x_wconf 83' lang='lat' dir='ltr'><em>typis</em></span> <span class='ocrx_word' id='word_1_70' title='bbox 1452 1619 1623 1702; x_wconf 85' lang='lat' dir='ltr'><em>mandari</em></span> <span class='ocrx_word' id='word_1_71' title='bbox 1632 1621 1776 1704; x_wconf 85' lang='lat' dir='ltr'><em>vellent.</em></span> 
     </span>
    </p>
   </div>
   <div class='ocr_carea' id='block_1_4' title="bbox 157 1738 1776 2106">
    <p class='ocr_par' dir='ltr' id='par_1_4' title="bbox 157 1738 1776 2106">
     <span class='ocr_line' id='line_1_9' title="bbox 244 1738 1776 1852; baseline -0.001 -24"><span class='ocrx_word' id='word_1_72' title='bbox 244 1741 314 1828; x_wconf 86' lang='lat' dir='ltr'><em>At</em></span> <span class='ocrx_word' id='word_1_73' title='bbox 316 1739 452 1824; x_wconf 86' lang='lat' dir='ltr'><em>codices</em></span> <span class='ocrx_word' id='word_1_74' title='bbox 454 1740 643 1850; x_wconf 81' lang='lat' dir='ltr'><em>saxonicos</em></span> <span class='ocrx_word' id='word_1_75' title='bbox 658 1738 753 1851; x_wconf 86' lang='lat' dir='ltr'><em>qnod</em></span> <span class='ocrx_word' id='word_1_76' title='bbox 757 1743 904 1842; x_wconf 88' lang='lat' dir='ltr'><em>attinet,</em></span> <span class='ocrx_word' id='word_1_77' title='bbox 923 1744 1073 1852; x_wconf 74' lang='lat' dir='ltr'><em>lingna,</em></span> <span class='ocrx_word' id='word_1_78' title='bbox 1093 1742 1133 1823; x_wconf 94' lang='lat' dir='ltr'><em>in</em></span> <span class='ocrx_word' id='word_1_79' title='bbox 1153 1771 1225 1852; x_wconf 87' lang='lat' dir='ltr'><em>qua</em></span> <span class='ocrx_word' id='word_1_80' title='bbox 1241 1760 1456 1836; x_wconf 87' lang='lat' dir='ltr'><em>exarantur,</em></span> <span class='ocrx_word' id='word_1_81' title='bbox 1464 1742 1611 1852; x_wconf 82' lang='lat' dir='ltr'><em>prorstcs</em></span> <span class='ocrx_word' id='word_1_82' title='bbox 1624 1744 1776 1852; x_wconf 83' lang='lat' dir='ltr'><em>ignarus</em></span> 
     </span>
     <span class='ocr_line' id='line_1_10' title="bbox 157 1857 1776 1980; baseline -0.001 -32"><span class='ocrx_word' id='word_1_83' title='bbox 157 1909 160 1912; x_wconf 94' lang='lat'>·</span> <span class='ocrx_word' id='word_1_84' title='bbox 229 1863 447 1948; x_wconf 85' lang='lat' dir='ltr'><em>-Wanleiurn</em></span> <span class='ocrx_word' id='word_1_85' title='bbox 465 1859 595 1972; x_wconf 84' lang='lat' dir='ltr'><em>ubique</em></span> <span class='ocrx_word' id='word_1_86' title='bbox 607 1860 753 1974; x_wconf 75' lang='lat' dir='ltr'><em>secutus</em></span> <span class='ocrx_word' id='word_1_87' title='bbox 763 1862 869 1975; x_wconf 63' lang='lat' dir='ltr'><em>steno,</em></span> <span class='ocrx_word' id='word_1_88' title='bbox 909 1863 1159 1975; x_wconf 82' lang='lat' dir='ltr'><em>eorundemque</em></span> <span class='ocrx_word' id='word_1_89' title='bbox 1175 1857 1348 1980; x_wconf 66' lang='lat' dir='ltr'><em>:notitiam</em></span> <span class='ocrx_word' id='word_1_90' title='bbox 1368 1892 1414 1945; x_wconf 85' lang='lat' dir='ltr'><em>ex</em></span> <span class='ocrx_word' id='word_1_91' title='bbox 1431 1860 1678 1973; x_wconf 78' lang='lat' dir='ltr'><em>locupletiffimo</em></span> <span class='ocrx_word' id='word_1_92' title='bbox 1702 1865 1776 1972; x_wconf 74' lang='lat' dir='ltr'><em>esus</em></span> 
     </span>
     <span class='ocr_line' id='line_1_11' title="bbox 243 1982 1774 2106; baseline 0.001 -34"><span class='ocrx_word' id='word_1_93' title='bbox 243 1985 404 2106; x_wconf 86' lang='lat' dir='ltr'><em>catalogo</em></span> <span class='ocrx_word' id='word_1_94' title='bbox 416 1982 596 2105; x_wconf 68' lang='lat' dir='ltr'><em>deficenffi.</em></span> <span class='ocrx_word' id='word_1_95' title='bbox 651 1987 856 2097; x_wconf 74' lang='lat' dir='ltr'><em>Haeserat,</em></span> <span class='ocrx_word' id='word_1_96' title='bbox 889 2019 969 2104; x_wconf 74' lang='lat' dir='ltr'><em>quae</em></span> <span class='ocrx_word' id='word_1_97' title='bbox 987 1991 1028 2071; x_wconf 92' lang='lat' dir='ltr'><em>in</em></span> <span class='ocrx_word' id='word_1_98' title='bbox 1045 1987 1107 2068; x_wconf 91' lang='lat' dir='ltr'><em>boc</em></span> <span class='ocrx_word' id='word_1_99' title='bbox 1125 1985 1282 2094; x_wconf 87' lang='lat' dir='ltr'><em>catalogo</em></span> <span class='ocrx_word' id='word_1_100' title='bbox 1299 1985 1468 2068; x_wconf 84' lang='lat' dir='ltr'><em>condendo</em></span> <span class='ocrx_word' id='word_1_101' title='bbox 1478 1987 1651 2096; x_wconf 81' lang='lat' dir='ltr'><em>perficere</em></span> <span class='ocrx_word' id='word_1_102' title='bbox 1667 2018 1774 2081; x_wconf 86' lang='lat' dir='ltr'><em>cona-</em></span> 
     </span>
    </p>
   </div>
   <div class='ocr_carea' id='block_1_5' title="bbox 120 2105 1811 2221">
    <p class='ocr_par' dir='ltr' id='par_1_5' title="bbox 120 2105 1811 2221">
     <span class='ocr_line' id='line_1_12' title="bbox 120 2105 1811 2221; baseline -0.008 -14"><span class='ocrx_word' id='word_1_103' title='bbox 120 2202 122 2207; x_wconf 85' lang='lat'>.</span> <span class='ocrx_word' id='word_1_104' title='bbox 244 2125 304 2191; x_wconf 78' lang='lat' dir='ltr'><em>tus</em></span> <span class='ocrx_word' id='word_1_105' title='bbox 308 2109 409 2219; x_wconf 80' lang='lat' dir='ltr'><em>steno,</em></span> <span class='ocrx_word' id='word_1_106' title='bbox 420 2105 599 2188; x_wconf 85' lang='lat' dir='ltr'><em>laboribus</em></span> <span class='ocrx_word' id='word_1_107' title='bbox 608 2108 695 2188; x_wconf 81' lang='lat' dir='ltr'><em>noeis</em></span> <span class='ocrx_word' id='word_1_108' title='bbox 698 2107 868 2214; x_wconf 83' lang='lat' dir='ltr'><em>fruatur</em></span> <span class='ocrx_word' id='word_1_109' title='bbox 881 2115 1017 2198; x_wconf 82' lang='lat' dir='ltr'><em>anticus</em></span> <span class='ocrx_word' id='word_1_110' title='bbox 1026 2108 1146 2207; x_wconf 82' lang='lat' dir='ltr'><em>leblor,</em></span> <span class='ocrx_word' id='word_1_111' title='bbox 1166 2128 1294 2190; x_wconf 87' lang='lat' dir='ltr'><em>errata</em></span> <span class='ocrx_word' id='word_1_112' title='bbox 1305 2107 1398 2189; x_wconf 86' lang='lat' dir='ltr'><em>mibi</em></span> <span class='ocrx_word' id='word_1_113' title='bbox 1413 2106 1590 2204; x_wconf 86' lang='lat' dir='ltr'><em>condonet,</em></span> <span class='ocrx_word' id='word_1_114' title='bbox 1603 2111 1775 2221; x_wconf 81' lang='lat' dir='ltr'><em>etspbol-</em></span> <span class='ocrx_word' id='word_1_115' title='bbox 1806 2204 1811 2209; x_wconf 49' lang='grc'>,</span> 
     </span>
    </p>
   </div>
   <div class='ocr_carea' id='block_1_6' title="bbox 155 2227 1788 2465">
    <p class='ocr_par' dir='ltr' id='par_1_6' title="bbox 155 2227 1788 2465">
     <span class='ocr_line' id='line_1_13' title="bbox 242 2227 1788 2350; baseline 0.003 -36"><span class='ocrx_word' id='word_1_116' title='bbox 242 2247 345 2314; x_wconf 73' lang='lat' dir='ltr'><em>enam</em></span> <span class='ocrx_word' id='word_1_117' title='bbox 361 2228 628 2344; x_wconf 81' lang='lat' dir='ltr'><em>typographica,</em></span> <span class='ocrx_word' id='word_1_118' title='bbox 657 2258 738 2339; x_wconf 81' lang='lat' dir='ltr'><em>qua</em></span> <span class='ocrx_word' id='word_1_119' title='bbox 763 2260 807 2312; x_wconf 83' lang='lat' dir='ltr'><em>ex</em></span> <span class='ocrx_word' id='word_1_120' title='bbox 833 2231 992 2350; x_wconf 73' lang='lat' dir='ltr'><em>absentie</em></span> <span class='ocrx_word' id='word_1_121' title='bbox 1018 2261 1096 2315; x_wconf 89' lang='lat' dir='ltr'><em>nea</em></span> <span class='ocrx_word' id='word_1_122' title='bbox 1112 2261 1138 2314; x_wconf 88' lang='lat' dir='ltr'><em>a</em></span> <span class='ocrx_word' id='word_1_123' title='bbox 1157 2232 1276 2343; x_wconf 74' lang='lat' dir='ltr'><em>prelo</em></span> <span class='ocrx_word' id='word_1_124' title='bbox 1291 2227 1523 2340; x_wconf 72' lang='lat' dir='ltr'><em>innognun</em></span> <span class='ocrx_word' id='word_1_125' title='bbox 1538 2250 1788 2324; x_wconf 65' lang='lat' dir='ltr'><em>accreverunt-2</em></span> 
     </span>
     <span class='ocr_line' id='line_1_14' title="bbox 155 2351 1761 2465; baseline -0.007 -27"><span class='ocrx_word' id='word_1_126' title='bbox 155 2420 158 2425; x_wconf 82' lang='grc'><strong>-</strong></span> <span class='ocrx_word' id='word_1_127' title='bbox 243 2380 429 2457; x_wconf 72' lang='lat' dir='ltr'><em>numeram</em></span> <span class='ocrx_word' id='word_1_128' title='bbox 444 2351 602 2463; x_wconf 83' lang='lat' dir='ltr'><em>ignoscat</em></span> <span class='ocrx_word' id='word_1_129' title='bbox 618 2367 654 2434; x_wconf 90' lang='lat' dir='ltr'><em>et</em></span> <span class='ocrx_word' id='word_1_130' title='bbox 670 2352 851 2465; x_wconf 74' lang='lat' dir='ltr'><em>corrigat,</em></span> <span class='ocrx_word' id='word_1_131' title='bbox 1755 2398 1761 2409; x_wconf 78' lang='lat'><strong>·</strong></span> 
     </span>
    </p>
   </div>
   <div class='ocr_carea' id='block_1_7' title="bbox 0 0 2112 5908">
    <p class='ocr_par' dir='ltr' id='par_1_7' title="bbox 0 0 2112 5908">
     <span class='ocr_line' id='line_1_15' title="bbox 0 0 2112 5908; baseline 0 0"><span class='ocrx_word' id='word_1_132' title='bbox 0 0 2112 5908; x_wconf 95' lang='lat' dir='ltr'><em> </em></span> 
     </span>
    </p>
   </div>
  </div>
 </body>
</html>
