4214 5910
278 593 372 717 178
979 585 1163 685 CXIX.

271 831 280 840 -
323 809 391 890 29.
419 770 662 861 certificatio
687 769 815 857 Ulrici
833 769 962 856 Chelii
984 789 1023 855 et
1041 773 1218 857 Conradi
1239 774 1416 861 Huberti
1440 775 1652 864 decadem
1677 779 1809 867 hono·

51 890 54 894 Δ
207 938 210 942 ·
274 966 278 973 .
426 925 518 982 rum
535 894 824 992 distributione,
843 894 934 977 asta
950 895 1208 1003 Argentorati
1229 924 1279 980 20
1300 896 1412 1008 Julii‚
1440 926 1456 980 1
1465 925 1488 1009 5
1493 925 1559 1010 53,
1581 917 1626 1010 p.
1639 900 1705 1011 87.

333 1052 398 1135 30.
426 1018 603 1131 Epistola
621 1017 853 1115 eorundem,
880 1015 925 1099 in
944 1042 1026 1125 qua
1043 1017 1260 1101 Parkerum
1278 1039 1318 1101 et
1336 1018 1586 1102 Haddonum
1605 1037 1750 1130 rugant
1765 1039 1815 1108 ut

426 1140 625 1250 reliquum
644 1137 822 1249 pecuniae
843 1141 995 1221 Bucero
1012 1136 1155 1222 debita
1172 1139 1402 1251 expediatur
1419 1157 1460 1223 et
1477 1140 1677 1240 mittatur,
1689 1160 1733 1253 p.
1745 1173 1813 1253 99.

335 1290 400 1377 31.
427 1261 606 1374 Epistola
618 1259 851 1341 Wibrandae
863 1259 1004 1343 Buceri
1017 1259 1069 1343 ad
1081 1259 1275 1344 maritum
1290 1262 1407 1346 suum
1422 1261 1660 1347 Germanice
1674 1262 1816 1375 scripta

426 1411 520 1467 cum
537 1380 708 1489 ejusdem
726 1381 900 1464 versione
918 1379 1076 1479 Latina,
1103 1378 1147 1465 in
1172 1408 1256 1491 qua
1277 1399 1473 1466 memorat
1499 1381 1820 1469 machinationes

268 1538 272 1544 ·
426 1502 669 1618 papillarum
688 1503 852 1612 quando
861 1501 1126 1612 Argentinam
1143 1503 1322 1615 primum
1341 1502 1481 1587 rediit:
1509 1504 1604 1588 data
1622 1504 1811 1590 Thermis

426 1625 611 1740 postridie
629 1621 806 1720 IoanniS,
828 1642 871 1734 p.
886 1624 937 1731 89
956 1639 998 1705 et
1015 1651 1083 1734 95.

234 1842 236 1847 ⁴
332 1776 398 1862 32.
426 1748 605 1862 Epistola
621 1743 894 1857 Christopheri
913 1746 1017 1827 Stael
1043 1743 1168 1858 priori
1190 1772 1360 1843 annexa,
1388 1743 1434 1829 in
1459 1772 1541 1856 qua
1567 1743 1670 1857 petit
1687 1745 1816 1830 conli-

426 1870 529 1953 lium
549 1895 573 1950 a
592 1870 758 1964 Bucero,
788 1883 928 1949 utrum
946 1893 1041 1950 cum
1058 1866 1214 1951 ecclesra
1240 1893 1471 1979 permanere
1495 1893 1549 1950 an
1565 1892 1661 1950 curn
1687 1885 1816 1951 matrs

428 1990 618 2076 discedere
636 1989 799 2071 debeat:
827 1988 922 2071 data
939 1994 1108 2097 Argent.
1129 2017 1181 2098 30
1200 1987 1326 2098 Junii.

332 2141 399 2228 33.
427 2112 571 2196 Literae
588 2125 812 2194 attumatus
830 2111 934 2192 data
953 2135 978 2193 a
995 2108 1219 2194 Wrbranda
1236 2113 1402 2209 Bucero,
1423 2107 1655 2195 doctoribus
1669 2110 1817 2199 Parlrer

396 2246 401 2255 '
427 2253 468 2317 et
486 2233 686 2316 Haddon:
716 2231 886 2314 Cantab.
909 2259 961 2314 20
976 2236 1076 2343 Apr.
1099 2232 1258 2341 5Edw.
1273 2235 1346 2317 VI.
1367 2251 1409 2343 p.
1426 2261 1493 2342 9¹·

333 2385 400 2473 34.
426 2354 605 2466 Epistola
631 2352 863 2437 Wibrandae
892 2353 1033 2436 Buceri
1059 2353 1110 2434 ad
1137 2353 1316 2451 eosdcm3
1349 2353 1395 2437 in
1425 2380 1507 2465 qua
1536 2381 1604 2437 eos
1630 2351 1813 2437 certiores

426 2475 524 2560 facit
549 2473 868 2558 distributionem
894 2474 1056 2557 tandem
1076 2472 1149 2557 esse
1171 2473 1335 2573 fastam,
1364 2491 1405 2557 et
1431 2473 1625 2559 maximas
1647 2470 1704 2557 eis
1730 2474 1816 2586 agit

425 2596 571 2708 gratias
596 2623 672 2708 pro
691 2594 941 2680 humanitate
957 2611 999 2680 et
1021 2595 1295 2680 benevolentia
1313 2623 1405 2705 erga
1421 2596 1458 2679 se
1475 2613 1517 2679 et
1532 2593 1727 2681 maritum
1744 2598 1812 2680 de·

424 2717 638 2802 funerum:
667 2717 761 2799 data
780 2716 1011 2827 Argentinae
1037 2717 1213 2826 15Ju1ii,
1240 2748 1254 2801 r
1263 2746 1286 2827 5
1291 2746 1357 2828 53,
1378 2734 1422 2827 p.
1437 2747 1504 2829 93.

266 2904 270 2911 .
331 2868 396 2954 35.
424 2840 603 2953 Epistola
619 2838 810 2923 Iohannis
830 2838 971 2922 Alaseo
988 2839 1038 2921 ad
1058 2837 1286 2922 Martinum
1305 2842 1517 2936 Bucerum,
1543 2835 1586 2920 in
1610 2865 1693 2949 qua
1717 2864 1812 2951 pro·

423 2961 551 3046 mittit
568 2960 605 3043 se
622 2958 730 3043 brevi
748 2962 799 3043 ad
818 2986 912 3042 eum
929 2978 1172 3057 venturum;
1200 2977 1241 3045 ct
1257 2961 1440 3071 quadam
1459 2975 1595 3043 narrat
1612 2961 1662 3042 de
1679 2985 1814 3045 rerum

423 3085 528 3167 statu
548 3082 592 3166 in
611 3082 771 3191 Anglia‚
794 3081 960 3165 Polonia
977 3099 1016 3165 et
1034 3080 1274 3168 Germania:
1303 3083 1396 3165 data
1413 3079 1612 3166 Lambeth
1628 3081 1814 3194 postridie

262 3276 265 3281 ,
426 3204 617 3288 Iohannis
636 3208 752 3316 Bapt.
778 3234 792 3286 1
801 3234 823 3313 5
829 3231 895 3312 50,
918 3222 1069 3314 p.103.

332 3336 397 3439 36.
424 3327 601 3437 Epistola
619 3324 809 3410 Iohannis
826 3327 967 3408 Alaseo
985 3324 1238 3422 adeundam,
1259 3325 1307 3409 de
1326 3343 1470 3410 natura
1488 3352 1610 3410 coenae
1629 3323 1811 3427 Domini,

423 3450 517 3531 data
537 3452 687 3529 Bonnae
704 3444 830 3557 pridie
848 3445 1037 3529 Iohannis
1056 3450 1173 3558 Bapt.
1198 3474 1314 3557 1545,
1336 3468 1379 3558 p.
1399 3478 1446 3532 10
1450 3476 1486 3559 5.

332 3595 396 3681 37.
423 3568 599 3680 Epistola
617 3568 723 3651 Petri
742 3569 915 3678 Martyri
935 3570 985 3650 ad
1003 3567 1231 3652 Martinum
1250 3573 1461 3668 Bucerum,
1487 3566 1531 3652 in
1548 3593 1632 3678 qua
1647 3568 1809 3680 respon-

424 3692 490 3772 det
507 3689 715 3799 quaestioni
731 3688 801 3771 fibi
820 3689 1041 3802 proposita,
1060 3687 1256 3799 quamdiu
1272 3690 1512 3775 existimaret
1529 3689 1648 3772 sidem
1664 3691 1811 3775 christi

425 3814 646 3920 generalem
665 3808 870 3894 confusam
890 3829 930 3893 et
953 3810 1189 3920 implicitam
1207 3809 1297 3894 satis
1316 3810 1427 3895 fuisse
1449 3812 1500 3893 ad
1516 3808 1732 3894 hominum
1750 3811 1809 3896 sa-

423 3936 575 4029 lutem;
596 3951 634 4015 et
651 3933 784 4015 suadet
804 3948 850 4013 ut
868 3931 1081 4015 concordia
1098 3933 1147 4014 de
1163 3958 1206 4014 rc
1224 3932 1524 4016 sacramentaria
1536 3931 1609 4015 fiat
1622 3931 1809 4017 consessio

241 4150 243 4154 .
424 4074 474 4136 ut
500 4053 703 4166 proposuit
721 4051 861 4137 Alaseo
889 4056 940 4136 ab
966 4054 1021 4137 eis
1048 4072 1087 4136 et
1115 4053 1368 4140 Benbardino
1395 4053 1689 4139 subscribenda:
1716 4056 1807 4140 data

428 4176 595 4259 Oxoniis
615 4179 721 4259 Nov.
741 4205 802 4274 11,
828 4203 946 4285 1550·

323 4295 394 4407 38.
422 4298 599 4408 Epistola
616 4296 788 4407 Martyri
806 4298 857 4378 ad
874 4298 1057 4397 eundem,
1082 4295 1126 4380 in
1145 4325 1226 4408 qua
1250 4298 1435 4382 hortatur
1453 4313 1501 4381 ut
1522 4323 1607 4380 non
1626 4298 1694 4381 det
1711 4294 1748 4380 se
1764 4293 1807 4380 in

423 4418 730 4530 disputationem
747 4416 820 4500 nisr
840 4417 966 4501 adsrnt
989 4418 1137 4525 judices
1156 4418 1289 4503 idonei
1300 4458 1313 4516 ς
1341 4434 1383 4500 et
1400 4417 1486 4503 susc
1503 4416 1588 4528 agit
1613 4419 1663 4500 de
1689 4418 1807 4501 rebus

423 4539 713 4626 oxoniensibus
733 4558 773 4623 et
790 4539 1166 4650 Argentinenfibus:
1196 4542 1289 4624 data
1306 4539 1475 4624 Oxoniis
1496 4542 1521 4622 6
1537 4543 1645 4652 Sept.
1670 4567 1787 4651 1550.

329 4689 393 4770 39.
420 4661 598 4772 Epistola
614 4660 786 4773 Martyri
808 4663 858 4744 ad
875 4663 1046 4745 eundern
1064 4662 1114 4744 de
1138 4661 1241 4745 libro
1265 4688 1429 4774 precum
1445 4658 1740 4760 communium,
1764 4678 1804 4744 et
1861 4693 1865 4699 ⁴

423 4790 471 4868 de
491 4785 683 4897 Hoppero
704 4802 744 4867 et
765 4782 955 4883 Smitheo,
983 4784 1075 4870 data
1093 4784 1325 4870 Lambethae
1348 4787 1502 4894 roJan.
1828 4820 1831 4825 ·

1531 4935 1600 5016 40.
1628 4901 1803 5022 Epistola
