4214 5910
396 658 459 773 aa
1042 631 1046 639 ’
1112 590 1295 730 LXlIl.

446 837 485 919 6.
514 809 732 917 Tractatus
749 821 904 912 Lotarii
923 823 972 906 de
989 836 1228 933 contemptu
1244 816 1402 903 mundi.

447 983 487 1070 7.
515 951 792 1040 Eledtuarium
807 948 853 1032 in
865 944 1125 1030 delectatione
1138 959 1180 1026 et
1193 939 1482 1029 refocillatione
1499 936 1659 1040 anima,
1678 940 1942 1034 unedone

515 1074 638 1190 primi
656 1071 833 1158 hominis
851 1083 892 1152 et
909 1062 1219 1180 prevaricatione
1237 1065 1337 1175 eiua.

449 1201 489 1284 8.
520 1197 736 1310 [Ricardus
760 1195 808 1276 de
833 1191 980 1275 saneto
1004 1186 1186 1299 victore]
1215 1188 1264 1271 de
1288 1185 1394 1272 statu
1419 1183 1617 1272 interioris
1646 1183 1825 1274 hominis
1850 1190 1942 1305 post

446 1475 487 1555 9.
514 1320 938 1528 iiiiaseurmmandatorum
956 1433 1035 1521 Dei
1042 1432 1127 1545 sroe
1145 1433 1291 1547 sylloge
1308 1431 1542 1547 theologiae:
1572 1463 1639 1518 msa
1656 1433 1838 1519 duntaxat
1852 1465 1939 1522 con-

538 1583 581 1650 at
621 1564 700 1648 olio.

449 1563 757 1772 soit‘rriuatus
775 1683 824 1766 de
841 1680 989 1795 septem
1008 1677 1274 1764 sacramentis.

451 1839 514 1902 11.
544 1815 608 1895 De
626 1805 762 1892 seculis
782 1822 822 1889 et
848 1803 1032 1889 aetatibus
1039 1806 1124 1916 stne
1147 1803 1287 1884 tabula
1310 1800 1593 1911 chronologica
1616 1827 1641 1883 a
1664 1798 1863 1886 creatione
1885 1805 1936 1887 ad

538 1928 741 2016 decimum
764 1954 920 2012 annum
944 1922 1243 2010 Recensuithini
1267 1923 1369 2035 regis
1388 1921 1676 2036 Hispaniarum
1696 1940 1738 2008 et
1761 1943 1935 2011 mortem

540 2048 718 2138 Heraclii
734 2047 998 2163 imperatoris.
1587 2047 1593 2053 '

451 2203 513 2260 12.
543 2180 750 2258 Sermones
768 2172 868 2256 varii
885 2172 935 2255 de
954 2169 1128 2269 Christo,
1149 2170 1386 2282 angelorum
1405 2168 1626 2268 ordinibus,
1646 2173 1722 2253 asc.

421 2370 423 2374 ,
447 2328 509 2411 ¹3·
538 2301 603 2382 De
624 2294 772 2408 septem
794 2292 1025 2392 virtutibus,
1055 2295 1105 2375 de
1129 2291 1311 2376 oratione
1335 2290 1549 2392 dominica,
1580 2292 1630 2373 de
1652 2291 1800 2401 septem
1824 2290 1932 2378 vitiis

537 2417 788 2530 capitalibus,
807 2417 856 2499 de
873 2415 1021 2528 septem
1038 2411 1305 2498 sacramentis.

446 2571 507 2652 14.
536 2540 714 2625 Libellus
735 2537 807 2651 qui
823 2536 970 2623 dicitur
987 2564 1049 2620 ars
1066 2535 1171 2621 fidei.
1219 2594 1222 2598 ‡

444 2693 506 2776 15·
536 2660 790 2747 Itinerarium
813 2659 959 2745 mentis
982 2658 1115 2744 euntis
1138 2658 1189 2743 ad
1217 2662 1353 2743 Deum
1378 2657 1594 2743 secundum
1620 2656 1784 2757 fratrem
1812 2660 1930 2747 bona

535 2783 711 2868 sortunae
732 2778 1109 2895 [Bonavcnnnam]

440 2907 506 2992 16.
535 2905 721 3015 Ejusdem
742 2900 1145 3010 breviarum,11b.vi.
1241 2912 1246 2923 '

441 3056 503 3141 17.
532 3032 596 3113 De
610 3026 742 3112 officio
762 3045 801 3111 et
820 3025 959 3110 ordine
977 3022 1200 3125 missarum,
1226 3026 1337 3138 quod
1355 3022 1627 3138 unusquisque
1651 3053 1755 3138 papa
1776 3026 1928 3115 addidit

531 3179 555 3234 a
572 3166 751 3263 tempore
769 3148 874 3232 beati
894 3147 1000 3233 Petri
1017 3147 1210 3260 usquead
1229 3174 1377 3261 papam
1396 3149 1645 3232 Clementem
1664 3149 1842 3236 tertium.

440 3272 503 3356 18.
533 3279 691 3356 statuta
723 3273 948 3384 praescripta
979 3271 1104 3382 priori
1134 3290 1174 3359 et
1204 3270 1419 3363 conventui
1452 3271 1599 3356 Christi
1629 3277 1821 3361 Cantuar.
1855 3302 1927 3389 per

488 3465 491 3469 ,
531 3393 807 3478 Lanfrancum
827 3392 1163 3507 archiepiscopum
1184 3396 1380 3478 cantuar.

441 3547 502 3628 19.
531 3514 665 3598 Tituli
684 3514 954 3612 decretalium,
982 3515 1237 3626 digestorum,
1265 3532 1444 3599 veterum
1464 3531 1504 3600 et
1522 3540 1737 3618 novorum,
1762 3518 1922 3623 codicis,

529 3635 744 3734 insorciati,
766 3636 1075 3722 autenticorum.
1307 3731 1310 3735 ,
1426 3670 1430 3677 ·

435 3780 500 3841 20.
530 3755 718 3870 Epistola
735 3774 775 3842 et
794 3758 872 3842 alia
895 3759 1160 3844 instrumenta
1185 3757 1235 3844 ad
1256 3758 1540 3845 monasterinm
1560 3760 1709 3848 Christi
1728 3764 1922 3849 Cannrar.

374 3879 628 3995 pertinentia,
654 3883 738 3964 viz.
761 3883 826 3993 (1)
847 3880 1025 3996 Epistola
1049 3881 1192 3995 prioris
1213 3901 1254 3968 et
1271 3901 1492 3968 conventus
1516 3886 1565 3966 de
1585 3884 1767 3996 Tyndria
1784 3887 1833 3970 ad
1852 3915 1920 3970 ca-

373 3996 554 4116 pitulum
588 4000 752 4087 ecclefiae
783 4002 1093 4105 Cantuasiensrs,
1112 4048 1170 4072 -
1184 4004 1223 4089 se
1255 4025 1402 4091 mutuo
1432 4005 1620 4090 amicitiae
1649 4006 1815 4092 vinculo
1846 4009 1921 4093 else

371 4124 565 4225 annuos,
592 4125 832 4237 negotiaque
855 4127 1021 4213 ecclefiae
1046 4126 1354 4226 Cantuariensss,
1381 4128 1631 4212 aWillelmo
1650 4128 1782 4214 Wakc
1805 4159 1920 4216 com-

371 4248 572 4331 monacho
599 4246 669 4329 suo
691 4254 886 4333 Romana
914 4248 1079 4333 ecclefiae
1107 4253 1318 4363 capellano
1346 4268 1387 4333 et
1405 4250 1687 4362 penitentiario
1713 4252 1917 4354 inchoata,

369 4369 495 4451 eidem
511 4386 651 4480 optato
666 4368 746 4453 fine
759 4372 1031 4457 concludenda
1045 4372 1345 4484 commendasse.
1360 4417 1417 4438 ·-
1433 4372 1497 4481 (2)
1514 4372 1692 4487 Epistola
1708 4381 1758 4458 A.
1770 4377 1917 4489 prioris

367 4488 533 4572 ecclefiae
553 4491 700 4573 Christi
720 4497 914 4576 Cantuar.
940 4494 991 4576 ad
1015 4493 1260 4605 subpriorem
1285 4511 1324 4578 ct
1343 4493 1567 4608 capitulum
1591 4495 1780 4605 ejusdem,
1805 4500 1918 4610 quod

220 4623 224 4641 '
367 4608 556 4693 dominus
584 4613 809 4696 Portuensss
835 4616 1017 4698 concessit
1041 4615 1076 4698 ei
1109 4636 1156 4699 ut
1184 4616 1453 4730 presentarent
1473 4619 1705 4704 Galsridum
1733 4620 1782 4704 de
1803 4626 1835 4706 1.
1862 4624 1915 4705 ad

366 4722 565 4815 ecclesiam
582 4736 631 4816 de
649 4722 1089 4822 Aldermane-Cherche
1105 4736 1150 4821 in
1165 4738 1351 4824 London.
1373 4764 1444 4851 per
1461 4734 1768 4852 resignationem
1787 4748 1914 4828 Lam-

365 4850 467 4934 berti
485 4851 656 4960 ejusdem
675 4855 829 4940 domini
844 4859 983 4942 ¹clerici
1007 4878 1048 4942 et
1065 4861 1221 4972 nepotis
1248 4861 1332 4969 jam
1354 4861 1398 4945 in
1417 4862 1529 4946 curia
1545 4884 1768 4966 vacantem,
1796 4865 1912 4973 cujus

361 4972 524 5060 collatio
541 4976 694 5060 ratione
711 4976 849 5062 statuti
866 4981 914 5063 de
932 4980 1129 5069 beneficiis
1148 4983 1192 5071 in
1212 4982 1323 5071 curia
1341 4984 1574 5089 vacantibus
1593 4990 1649 5072 ad
1661 4986 1817 5073 dietum
1836 4989 1911 5071 do·

1748 5139 1912 5198 mmum
