4214 5910
273 597 373 717 426
869 590 1276 690 CCCCLXXXI.

323 805 362 887 7.
394 782 587 887 Excerpta
608 804 657 857 ex
677 776 779 863 libro
799 774 1069 869 Ecclesiastici‚
1094 793 1135 885 p.
1150 803 1171 854 2
1179 802 1243 885 53.

326 903 362 979 8.
393 899 678 979 lletlitationes
700 902 805 983 beati
824 894 1012 981 Bernanli
1034 892 1342 979 Claraevallenfis
1363 895 1534 992 abbatis,
1560 914 1601 1006 p.
1616 926 1635 1007 3
1652 928 1709 984 12.

324 1048 364 1127 9.
393 1017 570 1127 Epistola
591 1017 810 1101 Aristotelis
841 1017 890 1099 ad
911 1015 1189 1099 Alexandrum
1207 1040 1342 1125 regern
1371 1017 1420 1099 de
1447 1016 1615 1105 sanitate
1634 1025 1814 1137 corporis

395 1137 675 1233 conservanda,
700 1158 741 1246 p.
758 1162 852 1246 371.

396 1272 421 1305 “
443 1263 602 1338 Inserta
618 1259 706 1363 jiu't
728 1258 803 1338 hcrc
820 1255 964 1369 epistola
991 1255 1032 1335 iu
1053 1254 1169 1337 codice
1196 1255 1346 1367 quodam
1357 1259 1524 1344 Arabico
1551 1262 1676 1343 aureis
1704 1262 1824 1345 literis

398 1381 589 1488 “periplo
610 1377 670 1457 cni
688 1379 819 1459 titulat
837 1377 1115 1483 temeltarastoe
1128 1376 1267 1474 secreta
1281 1380 1510 1483 sbcrettrurn,
1531 1412 1557 1463 a
1575 1385 1709 1465 Ioanne
1728 1387 1821 1494 His-

394 1511 420 1546 “
435 1499 600 1608 ponienſs
625 1499 726 1606 apud
750 1498 922 1610 quoddam
943 1498 1065 1578 ostctre
1085 1497 1133 1579 ab
1151 1500 1294 1583 Herode
1321 1500 1539 1605 edtficarum,
1568 1502 1635 1587 ubi
1662 1534 1818 1587 venero·

397 1634 422 1669 “
444 1622 556 1700 batur
574 1620 639 1700 esea
661 1620 828 1723 Nrmrfis.

394 1748 603 1852 Sequuntur
622 1740 723 1848 adp.
736 1738 828 1848 381.
885 1736 1030 1820 Versus
1049 1739 1098 1820 de
1115 1756 1291 1849 quatuor
1311 1740 1566 1840 humoribus,
1586 1747 1634 1826 de
1652 1750 1816 1830 alterca-

392 1864 504 1945 tione
525 1860 654 1942 cordis
675 1880 713 1939 et
733 1858 853 1953 oculi,
875 1862 922 1938 de
943 1858 1199 1941 altercatione
1218 1860 1350 1947 carnis
1368 1886 1408 1947 et
1428 1864 1604 1977 spiritns,
1619 1868 1693 1976 fid
1705 1900 1758 1954 aa
1774 1901 1815 1952 ex

393 1986 506 2067 eodem
519 2002 616 2091 penu
635 1982 834 2090 deprompti
853 1982 1031 2061 incertum
1051 1980 1214 2064 vr'dctur.

332 2138 392 2188 10.
423 2104 730 2214 Physrognontia
752 2100 987 2196 Aristotelis,
1012 2120 1051 2208 p.
1069 2100 1163 2210 385.

329 2257 390 2309 11.
423 2230 483 2307 De
506 2220 833 2331 interpretatione
854 2221 1119 2315 somniorum,
1142 2239 1184 2329 p.
1196 2251 1292 2329 494.

328 2376 389 2429 12.
418 2344 561 2426 Versus
583 2345 631 2423 de
654 2364 726 2422 xit
751 2342 1006 2423 abusionibus
1029 2342 1145 2422 seculi
1167 2361 1206 2423 ct
1226 2343 1399 2441 claustri,
1422 2364 1572 2456 p.419.
1711 2424 1714 2429 .

234 2566 240 2575 ‚
329 2497 390 2576 13.
419 2465 563 2546 Versus
584 2467 631 2544 <le
650 2464 784 2545 decern
805 2462 1000 2573 preceptis
1020 2480 1060 2545 et
1080 2463 1226 2575 septem
1247 2464 1518 2566 sacramentis,
1542 2489 1584 2581 p.
1595 2493 1693 2577 4²0·

330 2620 390 2695 14.
419 2586 561 2667 Versus
582 2587 629 2664 de
650 2583 796 2694 septem
818 2585 1015 2678 aetatibus,
1039 2604 1081 2694 p.
1096 2610 1189 2688 421.

328 2741 388 2822 15·
418 2708 657 2791 Exhortatio
692 2706 854 2807 Ricardi
888 2704 1179 2818 [Wethersted]
1215 2706 1497 2821 archiepiscopi
1532 2715 1726 2798 Cantuar.
1764 2720 1811 2799 ad

418 2833 648 2927 sacerdotes,
673 2848 713 2938 p.
726 2835 820 2934 426.

328 2955 388 3034 16.
420 2950 640 3032 Predicatio
659 2950 789 3030 Goliae
811 2947 971 3057 [autore
990 2947 1186 3031 Gualteto
1208 2949 1392 3059 Mapeo,]
1418 2970 1460 3062 p.
1474 2952 1569 3060 428.

328 3099 389 3180 17.
421 3067 676 3180 Apocalypsis
697 3067 828 3150 Goliae
852 3069 1008 3176 [eodem
1030 3069 1205 3176 autore,]
1229 3088 1270 3179 p.
1285 3095 1378 3174 432.

328 3198 389 3275 18.
418 3196 508 3273 Otlo
539 3194 586 3272 de
617 3189 808 3270 Ceritona
841 3191 889 3271 de
923 3188 1051 3272 brutis
1089 3190 1329 3273 animalibus
1363 3209 1403 3274 et
1436 3192 1681 3295 volatilibus,
1718 3199 1812 3309 [sive
1856 3260 1860 3266 -

421 3310 650 3418 parabolae]

327 3465 387 3540 19.
418 3433 574 3538 Regula
593 3429 697 3511 beati
720 3424 935 3535 Augustini
956 3425 1141 3539 episcopi,
1166 3447 1206 3538 p.
1224 3429 1317 3536 538.

324 3586 389 3639 20.
420 3558 481 3634 De
505 3551 635 3632 tribus
661 3579 708 3633 ex
738 3550 884 3660 quibus
914 3549 1040 3631 homo
1061 3552 1229 3649 constat,
1255 3550 1330 3632 five
1355 3552 1403 3633 de
1430 3551 1572 3664 spiritu
1598 3574 1638 3641 et
1663 3556 1808 3656 anima,

321 3827 387 3880 21.
412 3699 750 3888 sseSconsesstone,
774 3792 901 3875 sermo
920 3792 1083 3875 Ioannis
1104 3793 1289 3905 episcopi,
1314 3812 1354 3905 p.
1369 3798 1461 3904 561.

323 3948 386 4002 22.
417 3922 590 3998 Carmen
614 3917 661 3995 de
682 3915 953 4024 redemptione
973 3914 1165 4014 humana,
1188 3934 1231 4024 p.
1248 3917 1341 4024 566.

323 4071 389 4150 23.
420 4036 735 4147 Epigrammata,
761 4053 801 4143 p.
819 4064 911 4143 571.

323 4192 387 4266 24.
417 4159 629 4241 Rosarium
649 4158 697 4236 tle
717 4158 893 4254 caritate,
917 4176 959 4266 p.
976 4187 1067 4268 573.

323 4313 344 4366 2
352 4311 387 4390 5.
418 4281 538 4385 Signa
558 4279 772 4358 mundanae
793 4277 1166 4386 consummationis,
1189 4297 1231 4387 p.
1248 4304 1340 4387 577.

324 4408 388 4486 26.
418 4401 527 4509 Qid
551 4400 593 4481 stt
613 4399 751 4497 homo,
773 4398 917 4510 quidve
936 4401 1068 4484 omnis
1088 4428 1194 4500 caro,
1216 4418 1259 4510 p.
1275 4425 1367 4509 579.

1650 4553 1715 4637 27.
1748 4506 1808 4609 De

214 4854 216 4858 ⁴
326 4854 375 4937 8.]
394 4853 460 4920 Vide
475 4856 687 4922 CCCCXLI.
707 4879 757 4940 14.

327 4961 395 5044 17.]
413 4966 480 5031 Vide
494 4966 654 5031 CCCCL.
672 4989 702 5032 2.

327 5069 394 5158 ts]
411 5074 480 5143 Vide
494 5074 704 5142 CCCCXLI.
722 5098 772 5163 30.
