4214 5910
382 733 446 806 aa
1043 706 1283 801 XXXVI..

441 899 478 980 8.
509 897 630 980 Liber
647 893 771 981 sanni
792 891 998 978 Athanasii
1019 892 1254 1005 episcopide
1274 893 1555 979 exhortacione
1573 895 1879 991 monachornm,

436 1052 479 1131 9.
510 1021 630 1104 Liber
647 1018 978 1101 adhortationum
996 1016 1225 1098 santtorum
1253 1035 1419 1127 patrum
1445 1017 1818 1128 perfectionumque
1841 1049 1930 1112 mo-

381 1144 605 1226 nachorum
642 1168 742 1252 quas
778 1142 827 1221 de
861 1142 1005 1222 Graeco
1041 1137 1084 1220 in
1117 1137 1313 1220 Latinum
1351 1139 1553 1223 transtulit
1591 1143 1637 1223 Β.
1667 1139 1929 1235 Hieronimus

377 1265 577 1377 presbiter.

439 1395 646 1471 Sermones
670 1385 899 1470 merorum
925 1403 1092 1495 patrum
1116 1380 1367 1494 interpretati
1389 1383 1438 1465 de
1456 1386 1600 1467 Graeco
1624 1382 1672 1488 in
1687 1384 1880 1469 Latinum
1906 1415 1930 1469 a

380 1511 544 1620 Pelagio
560 1511 730 1593 diacono
747 1526 788 1591 et
807 1505 987 1589 Iohanne
1005 1503 1247 1589 subdiacono
1265 1503 1411 1588 sanctae
1430 1511 1628 1589 Romane
1646 1505 1825 1593 ecclesrae.

435 1635 662 1747 Nesciofane
674 1665 723 1715 an
741 1633 818 1752 daec
831 1630 1060 1741 diversaſsnt
1076 1645 1196 1736 operm
1215 1629 1278 1709 vel
1277 1629 1318 1735 st
1331 1628 1450 1710 eadem
1463 1630 1665 1738 compilatio
1680 1630 1772 1740 hisce
1783 1633 1931 1741 diverſss

379 1756 747 1867 indigitamentis,
767 1783 914 1865 qnorum
925 1752 1035 1861 prior
1051 1750 1105 1831 ad
1117 1751 1283 1846 initiunt,
1295 1749 1468 1859 posterior
1485 1751 1652 1861 adfinem
1671 1753 1853 1843 occurrit...

440 1908 503 1962 ιο.
533 1877 710 1989 Epistola
729 1874 854 1959 santii
872 1871 1072 1957 macnarii
1089 1871 1280 1954 monachi
1297 1873 1348 1953 ad
1365 1871 1482 1956 filios.

439 2031 500 2085 11.
529 2000 625 2084 Vita
643 1997 767 2082 sanni
785 1996 957 2081 Marinae
974 1993 1141 2105 virginis
1158 2017 1198 2080 et
1215 1992 1418 2078 monachi.

439 2153 500 2208 12.
529 2125 626 2208 Vita
642 2119 767 2205 saneti
785 2120 992 2231 symeonis
1010 2115 1177 2229 stytitis.

436 2277 497 2356 13.
528 2245 719 2330 Iohannis
741 2243 949 2355 [Cassiani]
967 2240 1170 2325 heremitae
1185 2239 1416 2324 collationes
1433 2268 1459 2323 x
1474 2240 1525 2323 ad
1538 2242 1759 2329 Leontium
1776 2271 1924 2358 papam

373 2389 414 2454 et
431 2363 622 2456 Eladium
638 2367 803 2451 fratrem
820 2365 1081 2449 cariffimum

972 2574 1316 2694 XXXVII.

432 2747 547 2830 Codex
563 2747 845 2828 membranaceus
862 2740 1017 2850 infolio,
1024 2743 1141 2853 seculo
1158 2741 1228 2822 xiv
1245 2759 1430 2839 exaratus,
1449 2740 1575 2852 t'nqm
1589 2741 1834 2844 eontinentur,

437 2897 470 2952 1.
501 2866 699 2952 Theorica
717 2863 918 2974 Campani
934 2864 982 2947 de
1001 2879 1126 2944 motu·
1136 2862 1404 2972 planetarum.

429 3019 467 3075 2.
497 2987 814 3098 conjunctiones
834 2987 1018 3097 quaedam
1037 2988 1292 3097 planetarum
1310 2985 1526 3069 calculatae.

427 3144 465 3224 3.
495 3111 784 3197 Kalendarium
802 3109 850 3190 de
870 3107 1074 3191 scaccario.

424 3241 506 3323 Hoc
533 3236 780 3320 kalendariam
809 3234 855 3315 'in
880 3233 978 3346 nsum
1010 3242 1037 3278 “
1052 3233 1260 3317 auditorum
1288 3235 1543 3344 compotorum’'
1573 3235 1799 3344 compilatum
1814 3233 1918 3344 fnit,

367 3361 509 3476 quibus,
535 3360 659 3472 inquit
674 3376 781 3440 antor
798 3357 840 3438 in
850 3357 1070 3465 prefatione,
1100 3368 1127 3403 “
1145 3359 1236 3441 utile
1252 3355 1297 3464 est
1311 3355 1415 3470 scire
1427 3356 1543 3468 stepen
1559 3387 1665 3467 quam
1683 3357 1839 3465 literam,
1847 3344 1922 3441 dies

352 3497 401 3559 :“
415 3484 595 3567 doninica
617 3483 659 3564 in
678 3507 772 3562 anno
797 3507 864 3589 quo
884 3477 1043 3563 andium
1057 3499 1213 3590 compota
1229 3482 1374 3560 evenire
1391 3480 1608 3586 contigerit3
1636 3481 1724 3591 quia
1741 3509 1808 3561 non
1825 3479 1922 3561 decet

363 3619 396 3655 ·“
414 3608 569 3691 allocare
594 3601 817 3685 reddentibus
836 3617 992 3711 compota
1009 3631 1120 3682 omnes
1144 3602 1218 3685 dies
1244 3600 1432 3683 dominicos
1449 3620 1485 3684 et
1501 3631 1612 3684 omnes
1639 3603 1713 3684 dies
1725 3600 1918 3711 festivales

370 3743 398 3780 “
416 3748 589 3840 tanquam
607 3723 824 3808 celebrandos
850 3722 897 3807 ab
920 3723 1092 3834 vperino,
1115 3740 1186 3833 pro
1203 3753 1239 3805 eo
1256 3724 1349 3835 quod
1358 3724 1503 3838 semper
1519 3725 1710 3834 contingit,
1739 3723 1832 3834 quod
1843 3724 1919 3806 dies

368 3866 395 3904 “
413 3852 601 3937 doninica
617 3849 787 3931 eveniunt
792 3846 893 3958 sape
911 3848 953 3929 in
968 3844 1179 3957 annnsuper
1195 3847 1336 3956 aliquas
1354 3846 1427 3930 dies
1431 3845 1658 3958 festivales.”

419 3979 500 4060 Per
527 4002 658 4056 omnem
688 3989 1064 4053 annumeratum
1091 3990 1174 4080 quot
1201 3970 1297 4052 horis
1321 3989 1356 4052 et
1379 3971 1529 4053 minutis
1550 3970 1681 4080 constat
1703 3969 1789 4067 dies,
1817 3987 1851 4052 et
1872 3972 1914 4052 in

360 4104 481 4188 altera
497 4099 658 4183 columna
674 4095 877 4177 continetur
895 4104 921 4139 “
937 4095 1118 4204 occupatio
1132 4093 1208 4176 diri
1223 4094 1456 4207 artificialit’
1472 4112 1542 4205 per
1558 4095 1728 4177 miliaria
1733 4092 1863 4200 stadia
1880 4112 1915 4176 et

343 4225 473 4340 -paffles
490 4238 705 4334 computata,
724 4220 782 4299 ita
800 4237 842 4298 ut
862 4235 931 4327 pro
954 4217 1113 4328 qualibet
1135 4217 1223 4298 hora
1243 4216 1320 4298 diei
1337 4233 1587 4326 computantur
1610 4218 1691 4298 tria
1713 4216 1910 4297 miliaria:

353 4349 480 4430 -ad
486 4348 600 4458 fineen
618 4342 736 4454 menſsr
753 4342 954 4452 Januarii,
984 4351 1011 4385 “
1029 4339 1191 4446 Qilibet
1207 4340 1282 4422 dies
1304 4337 1406 4448 istius
1429 4341 1547 4449 merfis
1572 4338 1829 4449 universaliter
1840 4356 1913 4447 per

360 4485 387 4521 “
396 4472 441 4585 se
455 4498 522 4552 nno
535 4498 614 4550 cum
629 4467 741 4549 altero
754 4481 950 4573 computato
967 4465 1122 4544 continet
1142 4461 1163 4541 8
1179 4463 1286 4547 heras.
1297 4491 1377 4544 cum
1394 4461 1441 4541 dt'
1456 4480 1492 4544 et
1513 4464 1693 4570 4minuta
1711 4492 1746 4573 q.
1751 4463 1911 4570 faciunt

359 4608 386 4645 “
409 4624 432 4678 2
438 4621 460 4704 5
480 4592 558 4674 mil.
582 4617 603 4698 5
610 4588 709 4697 stad.
730 4613 756 4696 7
761 4614 783 4694 ς
795 4585 914 4701 pass.”
970 4603 1008 4668 et
1009 4585 1188 4696 finiliter
1202 4585 1255 4671 ad
1267 4585 1356 4669 alios
1372 4585 1509 4698 nenses.

346 4778 352 4790 ·
1839 4711 1906 4794 Se·

412 5029 483 5118 ia]
500 5030 569 5100 Vrde
581 5026 701 5094 CLVI.
721 5049 748 5093 r.

411 5147 608 5235 mvn]
626 5149 690 5219 Vct.
707 5149 774 5215 Cat.
790 5145 817 5214 1.
836 5163 867 5213 2.
885 5142 982 5212 MSS.
1000 5143 1086 5226 Angl.
1104 5161 1287 5230 1370-93.
1364 5210 1368 5215 ,
