4214 5910
858 691 1062 793 CLXX.
1663 717 1767 812 247.

395 871 520 979 juxta.
543 869 834 958 Gloucestriam
871 890 912 955 et
950 886 1200 957 conventum
1232 866 1422 978 ejusdem,
1460 886 1500 955 et
1532 865 1761 982 episcopum

396 992 555 1074 Miden.
570 994 619 1074 de
638 996 814 1102 quadam
833 1018 971 1075 annua
990 990 1177 1101 pensione
1191 1018 1239 1083 ex
1258 989 1425 1073 ecetefiis
1445 991 1494 1074 de
1511 990 1636 1071 Velex
1655 989 1764 1069 etde

381 1111 525 1221 'Colpe
538 1111 667 1195 eidem
683 1111 870 1223 episcopo
882 1110 1082 1207 solvenda,
1100 1113 1196 1199 data
1208 1111 1288 1193 kal.
1304 1109 1459 1208 Martii,
1481 1137 1598 1218 1504,
1612 1125 1654 1216 p.
1672 1136 1761 1213 140.

278 1255 367 1337 103.
396 1231 647 1340 compontio
674 1231 782 1316 inter.
801 1232 1028 1343 capitulum
1048 1235 1243 1315 Cantuar.
1264 1247 1304 1312 et
1327 1229 1551 1340 capitulum
1571 1233 1762 1312 London.

229 1419 234 1428 ,
394 1350 530 1431 eccles.
557 1352 608 1432 de
636 1350 710 1434 usu
735 1368 775 1435 et
799 1350 1034 1435 executione
1061 1350 1266 1461 potestatis
1292 1346 1523 1461 episcopalis
1543 1349 1629 1433 sede
1647 1350 1762 1433 Lon·

363 1540 366 1545 .
395 1473 492 1549 don.
510 1471 816 1568 vacante,fadsa
837 1471 858 1552 8
877 1475 934 1553 ld.
951 1472 1107 1568 Martii,
1133 1471 1249 1581 1278,
1273 1489 1317 1581 p.
1334 1495 1421 1572 141.

231 1666 237 1673 .
279 1615 368 1693 104.
400 1592 635 1675 Commiffio
661 1593 704 1676 in
729 1593 910 1705 partibus
939 1623 1016 1705 pro
1034 1591 1150 1676 causa
1168 1591 1365 1675 audienda
1385 1591 1490 1674 inter
1509 1588 1763 1674 Willelmum

397 1713 501 1792 Hale
519 1713 695 1824 priorem
711 1719 760 1796 de
772 1717 950 1797 Cartmel
966 1734 1006 1796 et
1019 1714 1347 1797 archidiaconum
1360 1712 1605 1807 Richmond,
1615 1730 1657 1821 p.
1672 1742 1762 1819 144.

279 1857 325 1911 10
329 1855 369 1940 5.
400 1834 725 1916 Procuratorium
746 1835 916 1918 Henrici
939 1835 1121 1944 [Denne]
1145 1832 1316 1946 episcopi
1338 1837 1480 1919 Sarum
1501 1832 1616 1944 super
1639 1835 1762 1920 mini·
1840 1886 1844 1895 ·

366 2009 370 2015 -
398 1951 517 2036 sterio
536 1950 727 2037 saciendae
747 1954 1016 2042 transsationis
1036 1957 1085 2040 ad
1101 1955 1229 2039 sedem
1246 1953 1601 2040 cantuandatum
1623 1984 1646 2063 9
1664 1962 1763 2068 Apr.

236 2103 253 2140 r
403 2098 522 2180 1501,
544 2093 588 2183 p.
607 2103 697 2184 145.

277 2192 366 2276 tob.
399 2192 593 2278 Inhibitio
609 2196 789 2282 officialis
806 2198 926 2283 curiae
942 2201 1209 2284 Camunnne
1225 2196 1335 2309 prior
1349 2214 1390 2280 et
1403 2197 1628 2308 capitulum
1644 2203 1764 2284 Cant.

397 2315 609 2396 molestent
647 2318 893 2428 prepofitum
928 2341 966 2401 et
998 2318 1222 2430 capitulum
1257 2317 1424 2402 ecclefiae
1462 2318 1680 2430 collegiatae
1715 2325 1770 2406 de·

398 2433 624 2542 Wingham
643 2457 838 2548 exemptae
856 2439 1156 2546 jurisdidtionis,
1177 2441 1326 2548 p.146.

280 2576 372 2660 1⁰7·
399 2553 646 2664 supplicatio
665 2560 859 2643 Iohannis
880 2564 1009 2669 Bryne
1032 2559 1196 2643 redtoris
1216 2564 1252 2643 S.
1266 2557 1429 2643 Nicolai
1454 2557 1578 2666 iuxta
1598 2577 1766 2671 pontem

400 2671 591 2757 Guilford
621 2704 698 2789 pro
725 2678 1012 2790 dispensatione
1043 2683 1093 2763 ad
1122 2678 1200 2763 tria
1228 2677 1414 2790 quaelibet
1441 2677 1635 2765 beneficia
1662 2680 1766 2766 acci·

399 2791 558 2904 pienda,
615 2824 692 2901 .14
722 2861 732 2882 .
1031 2870 1034 2874 ,
1744 2838 1746 2843 ’

282 2913 370 2998 108.
401 2813 797 3036 Facultaspconietra
825 2951 850 3006 a
876 2920 962 3005 sede
996 2921 1213 3032 apostolica
1245 2938 1291 3007 ut
1325 2919 1467 3004 incolae
1502 2916 1680 3005 suburbii
1717 2925 1766 3005 de

399 3038 626 3129 Monxwell
652 3038 766 3146 juxta
784 3045 974 3128 London
994 3041 1169 3126 infantes
1189 3040 1278 3124 suos
1303 3040 1508 3154 baptizare
1526 3057 1567 3124 et
1585 3060 1768 3130 mortuos

400 3155 491 3243 suos
512 3157 672 3274 sepelire
691 3160 838 3272 poffint
858 3165 966 3274 apud
985 3163 1178 3273 capellam
1198 3164 1246 3245 de
1265 3162 1507 3257 Monxwell,
1527 3178 1572 3271 p.
1589 3163 1678 3267 148.
1710 3248 1719 3265 ‚

284 3307 373 3386 '09·
403 3275 702 3363 Testimonium
731 3280 1011 3390 refignationis.
1027 3282 1221 3369 Iohannis
1244 3283 1323 3367 Asb
1346 3280 1509 3364 rectoris
1539 3283 1588 3363 de
1607 3287 1773 3396 Fenny-

404 3400 551 3478 Sutton
571 3403 713 3488 Sanun
735 3401 842 3490 dioc..
863 3430 1001 3490 coram
1028 3399 1325 3520 archiepiscopo
1346 3404 1467 3489 Cant.
1490 3427 1516 3509 ς,
1529 3403 1624 3487 Feb.
1652 3431 1667 3485 1
1676 3432 1770 3514 501,

403 3515 497 3606 ibid,
650 3515 655 3524 ’
1102 3550 1105 3555 ·

285 3667 375 3733 110·
407 3637 644 3724 Commiffio
664 3639 804 3753 Jacobi
830 3643 931 3759 regis
951 3630 1092 3728 Scotiae
1119 3669 1193 3754 pro
1221 3639 1358 3753 legatis
1379 3639 1457 3735 suis
1483 3640 1533 3739 ad
1556 3644 1774 3753 petendam

404 3756 476 3840 fibi
494 3759 543 3842 in.
559 3763 866 3848 matrimonium
885 3764 1011 3849 filiam
1027 3764 1196 3850 Henrici
1214 3766 1317 3875 regis
1333 3760 1501 3872 nngtiae,
1527 3761 1620 3848 data
1638 3762 1659 3844 8
1677 3766 1771 3849 on.

414 3902 707 3997 ¹5.0¹2P·149··
1369 3949 1374 3955 .
1543 3954 1548 3959 .

288 4032 387 4092 111.¹
405 4005 640 4089 Commiffio
661 4004 849 4093 Edwardi
869 4005 1044 4118 episcopi
1071 4005 1230 4092 cicestr.
1260 4031 1334 4116 pto
1362 4003 1615 4086 concedenda
1643 4002 1772 4088 facul-

406 4144 488 4208 tate
508 4122 680 4211 Ricardo
695 4127 904 4241 Guylsord
921 4127 1040 4216 militi
1060 4131 1109 4213 ad
1124 4125 1391 4208 edificandam
1406 4122 1621 4218 ecclefiam,
1641 4127 1774 4236 Guyl·

408 4247 498 4328 sord
522 4247 674 4330 cburch
701 4276 776 4358 pro
804 4267 1000 4359 perpetuo
1024 4247 1353 4358 nuncupandam,
1380 4241 1424 4325 in
1450 4245 1541 4327 loco
1568 4243 1640 4353 qui
1660 4274 1771 4330 nunc

407 4367 555 4451 dicitur
582 4369 783 4483 Guylsord
817 4372 1000 4481 Innynge
1033 4369 1130 4451 olim
1161 4396 1255 4449 vero
1284 4360 1552 4468 Brunchings,
1590 4362 1640 4442 ad
1673 4390 1772 4446 con·

406 4506 573 4570 ventum
602 4489 741 4572 Pontis
772 4489 939 4572 Roberti
966 4487 1197 4598 pertinenti,
1230 4484 1301 4596 qui
1335 4509 1407 4600 per
1434 4496 1637 4562 trecentos
1664 4502 1774 4566 retro

407 4635 536 4689 annos
556 4607 777 4691 submersus
797 4606 892 4703 fuit,
917 4627 956 4689 et
976 4635 1105 4718 nuper
1125 4603 1318 4690 industria
1338 4621 1378 4688 et
1397 4597 1573 4710 expensis
1592 4600 1777 4709 praedini

410 4727 573 4814 Ricardi
591 4739 854 4844 recuperatus'
866 4731 915 4810 A.
928 4732 982 4811 D.
1005 4753 1122 4838 1499,
1144 4744 1187 4838 p.
1204 4751 1293 4839 151.

291 4873 383 4936 112.
410 4849 561 4932 Citatio
576 4852 626 4932 ad
646 4848 975 4932 convocationem
996 4874 1043 4931 ex
1061 4848 1252 4932 mandato
1274 4843 1329 4925 H.
1346 4838 1659 4951 archiep.'Cant.·
1674 4842 1777 4923 cele-

410 4974 606 5058 brandam
639 5000 706 5082 per
732 4974 802 5055 W.
817 4972 944 5082 Lych.
973 4967 1145 5081 episcopi
1172 4967 1305 5050 Lond.
1333 4983 1437 5046 tunc
1462 4977 1575 5047 extra
1605 4988 1777 5072 regnum

409 5092 573 5211 Angliae,
587 5092 740 5208 agentis
760 5089 951 5178 vicarium
972 5090 1213 5206 generalem,
1233 5102 1277 5199 p.
1294 5111 1389 5194 152„
1675 5205 1707 5286 P

1527 5228 1651 5315 *up
1708 5232 1774 5290 ro·
