4244 5910
880 639 1081 761 CLXX·
1685 679 1778 770 ιιι

288 860 357 952 gn
383 829 534 923 Petitio
560 829 719 923 abbatis
742 845 787 919 ct
809 849 1035 927 conventus
1063 834 1114 917 de
1132 826 1371 941 Wiblingcn
1390 826 1583 916 Constan.
1607 827 1711 931 dioc.
1733 832 1785 915 ad

380 984 530 1072 papam
557 970 702 1047 contra
717 954 998 1049 Eberherdum
1024 956 1076 1039 de
1095 952 1333 1064 Kirchberg,
1363 978 1436 1064 qur
1422 949 1495 1036 se
1509 954 1561 1049 de
1579 951 1729 1039 ladio
1717 983 1782 1040 m·

382 1075 529 1161 ttulit
517 1102 563 1159 ιιι
580 1076 830 1162 advocatiam
848 1075 948 1162 didli
966 1073 1210 1172 monasterii,
1230 1075 1307 1160 &n
1328 1091 1370 1184 p
1384 1074 1451 1156 62.

287 1228 310 1311 3
316 1226 355 1312 3.
382 1198 532 1285 Potitio
546 1198 735 1308 Gregorii
749 1202 941 1311 Heggeee
957 1215 1102 1285 contra
1120 1195 1432 1309 appellationem
1452 1195 1615 1285 loannis
1634 1201 1722 1310 Zag
1737 1216 1778 1283 ct

383 1319 548 1406 loannis
567 1319 833 1432 Hagenwiter
858 1320 904 1407 in
922 1320 1041 1411 caula
1066 1321 1116 1404 de
1135 1317 1378 1404 canonicatu
1406 1338 1447 1403 et
1473 1319 1663 1432 prebend.
1683 1324 1777 1407 cccl.

378 1443 599 1552 collegiatae
617 1444 657 1528 8.
667 1441 810 1529 Felicis
830 1441 1023 1529 Constan.
1042 1442 1145 1525 dioc.
1169 1458 1213 1550 p.
1226 1443 1294 1550 63.

286 1583 355 1668 34.
382 1559 531 1648 Petitio
547 1561 705 1649 abbatie
727 1562 958 1661 monosterii
978 1563 1028 1645 de
1047 1559 1332 1657 ochsenhusen
1349 1556 1501 1644 ordinis
1523 1560 1561 1644 S.
1573 1560 1777 1647 Benedidli

340 1681 524 1769 conii.
549 1682 654 1770 dioc.
677 1701 823 1771 contra
848 1683 946 1775 orto
969 1681 1193 1773 monachos
1221 1681 1395 1793 ejusdem
1425 1678 1653 1780 monasterii
1678 1711 1776 1796 pro·

241 1873 245 1881 .
382 1801 504 1914 fugos
522 1821 564 1888 et
581 1823 854 1905 contumaces,
883 1805 976 1891 ibid.
1811 1802 1814 1807 ’

117 2018 122 2029 ,
285 1948 354 2037 35.
382 1923 529 2010 Petitio
547 1925 747 2038 praepoliti
762 1945 805 2011 et
823 1924 1114 2012 canonicorum
1134 1921 1420 2020 monasteriiS
1432 1864 1705 2039 Cluillophcri
1724 1933 1774 2017 de

241 2120 244 2125 .
380 2046 719 2158 Ravengirlburg,
742 2043 894 2133 ordinis
920 2053 959 2132 S.
971 2045 1202 2158 Augustini,
1222 2047 1413 2156 Magunt.
1432 2050 1537 2139 dioc.
1555 2066 1695 2145 contra
1712 2054 1775 2137 Si-

380 2162 785 2280 fridumepiscopum
797 2167 986 2254 Citenen.
1006 2166 1159 2252 titulat.
1179 2163 1475 2276 suffraganeum
1495 2165 1776 2285 archiepiscopi

381 2286 497 2395 Mag.
516 2305 557 2370 ct
580 2286 782 2384 ministros
800 2288 999 2383 Frederici
1016 2287 1130 2373 ducis
1148 2285 1338 2390 Bavariae,
1365 2289 1438 2400 qui
1467 2309 1623 2376 armata
1649 2319 1774 2378 manu

378 2430 449 2487 eoa
468 2405 518 2487 de
535 2403 647 2491 diuo
664 2407 908 2495 monasterio
925 2409 1177 2520 expulerant,
1198 2422 1241 2514 p.
1256 2407 1281 2493 6
1285 2433 1322 2516 5

288 2525 357 2638 36.
385 2523 481 2607 Alia
496 2526 719 2610 eorundem
738 2526 895 2640 petitio,
920 2546 969 2611 ut
988 2528 1039 2611 ab
1067 2523 1345 2635 obligatione
1331 2529 1552 2639 potamenti
1570 2530 1612 2615 vi
1625 2531 1775 2679 ‚extorti

238 2718 241 2723 ,
382 2642 602 2745 solvantur,
623 2649 749 2760 p.67

287 2793 355 2879 37.
382 2765 532 2851 Petitio
550 2767 706 2880 Galpar
723 2772 848 2880 Vogt‚
872 2783 920 2854 ut
936 2765 1052 2857 causa
1079 2766 1402 2863 matrimonialis
1415 2770 1628 2877 pendens
1617 2791 1722 2858 inter
1739 2774 1776 2877 se

378 2905 421 2970 et
449 2877 613 2970 Amiam
645 2888 842 2975 Suscitzin
879 2891 1160 2975 committatur
1194 2891 1245 2983 ad
1279 2888 1530 2987 ordinarium
1564 2892 1666 2991 dioc.
1698 2897 1776 2980 sua
1853 2973 1858 2987 ,

381 3007 521 3090 Conll.
547 3007 641 3091 ibid.

287 3126 355 3243 38.
383 3125 530 3223 Potitio
558 3129 734 3215 Thomae
765 3129 919 3244 Hophe
949 3156 1066 3243 papae
1093 3127 1340 3228 cubicularii,
1357 3138 1424 3224 [ut
1453 3133 1688 3242 Raynoldus
1705 3130 1708 3137 ’
1725 3137 1774 3219 de

379 3248 503 3331 Luna
517 3265 715 3334 mercator
728 3250 907 3334 Florem.
921 3248 1306 3349 excommunicetur,
1321 3277 1372 3343 ex
1386 3276 1434 3334 eo
1447 3253 1559 3362 quod
1573 3251 1771 3359 summam

383 3368 447 3450 M.
461 3367 706 3453 ducatorum
727 3371 784 3453 de
810 3395 913 3455 auro
935 3367 1065 3456 eidem
1085 3370 1258 3462 Thomae
1286 3367 1464 3467 debitam
1486 3369 1633 3472 solvere
1660 3376 1776 3459 nole·

288 3637 355 3720 39.
381 3607 631 3722 Dispensatio
658 3610 836 3696 concella
863 3612 915 3696 ab
933 3610 1165 3695 Alexandro
1191 3636 1296 3722 papa
1324 3610 1498 3696 iohanni
1518 3613 1553 3695 F
1553 3611 1696 3714 elford,
1724 3635 1774 3703 ut

354 3839 356 3842 Α
382 3730 584 3814 ecclefiam
611 3730 881 3844 parochialem
911 3731 961 3815 de
984 3729 1235 3828 Bridestowe,
1258 3733 1392 3822 Exon.
1411 3729 1513 3815 dioc.
1536 3732 1668 3838 (cujus
1697 3763 1774 3821 an-

380 3876 489 3935 nuus
506 3852 620 3934 valor
633 3865 730 3934 ¹non
746 3850 901 3936 excedit
921 3874 984 3934 xx
1007 3852 1179 3960 marcae)
1199 3876 1293 3937 cum
1324 3850 1515 3964 prebend.
1533 3855 1695 3942 ecclesia
1722 3861 1772 3943 de

379 3976 514 4059 Exon.
530 3970 690 4056 unitam
708 3989 858 4071 teneat,
879 3991 922 4083 p.
938 3974 1006 4080 69.

286 4122 354 4205 40.
383 4092 591 4177 Concellio
618 4119 767 4176 annuae
795 4091 993 4204 pensionis
1024 4091 1137 4203 2341.
1158 4093 1217 4183 65.
1234 4088 1306 4183 ,8d.
1332 4091 1448 4201 Mag.
1479 4097 1509 4176 I.
1523 4093 1573 4177 L.
1597 4093 1770 4180 durante

354 4268 360 4284 ·
378 4211 626 4326 vitasrmper
640 4209 1469 4303 ministrumct.fratresdon1usS.R0berti
1483 4207 1597 4316 juxta
1612 4216 1769 4317 Koare-

378 4337 566 4448 borough
586 4335 632 4420 in
649 4334 847 4429 comitatu
864 4333 988 4419 Ebnr.
1007 4331 1160 4423 ordinis
1181 4336 1219 4415 S.
1231 4330 1348 4423 Trin.
1368 4352 1407 4415 et
1428 4333 1623 4445 Redemp.
1646 4339 1767 4448 Capt.

382 4483 432 4569 23
450 4464 559 4569 Aug.
584 4484 705 4565 1444,
731 4455 825 4539 ibid.

224 4614 229 4623 ·
280 4605 349 4692 4ι.
379 4578 649 4664 Confirmatio
680 4574 853 4686 ejusdem
887 4572 1143 4663 concessionis
1175 4600 1311 4658 coram
1340 4570 1532 4658 cardinali
1567 4575 1764 4690 [Kampe]

223 4750 226 4755 ·
379 4698 675 4814 archiepiscopo
689 4699 817 4789 Ebur.
839 4715 963 4808 ppo.

282 4854 349 4939 42.
376 4819 629 4936 Dispensatio
648 4818 748 4904 sixti
766 4821 838 4902 IV.
858 4837 906 4902 ut
926 4815 1063 4900 vicarii
1088 4814 1131 4898 in
1150 4815 1302 4926 capella
1328 4810 1436 4924 regia
1463 4813 1512 4895 de
1533 4810 1767 4899 Windesore

219 4980 222 4985 ·
378 4973 427 5030 ex
444 4942 687 5028 fundatione
713 4940 816 5050 regis
831 4937 1022 5030 Edwardi
1040 4939 1111 5029 lV.
1127 4933 1371 5031 beneficium
1400 4920 1572 5020 alterum
1593 4935 1765 5046 quodvis

378 5092 475 5157 cum
494 5059 649 5150 vicariis
668 5061 746 5148 suis
764 5077 901 5146 tenere
920 5058 1079 5170 possint,
1101 5075 1145 5173 p
1157 5084 1224 5173 71.

890 5182 982 5266 Hh
1549 5175 1684 5282 43T
1645 5169 1775 5259 Testi
