4244 5910
342 716 380 807 4
1077 688 1187 786 VII.

390 895 430 952 a.
460 865 640 950 Historia
659 867 818 978 Angliae
839 869 890 952 ab
910 895 1020 953 anno
1046 899 1150 977 1404
1169 872 1219 953 ad
1240 897 1396 955 annum
1421 896 1538 979 1409.

393 1019 432 1100 3.
713 1021 715 1026 ·
840 993 891 1073 ab
911 1018 1021 1073 anno
1044 1022 1055 1074 1
1067 1021 1144 1101 393
1168 995 1218 1074 ad
1238 1019 1393 1074 annum
1421 1019 1538 1098 1403.

390 1141 432 1219 4.
460 1154 815 1180 ——----—-
837 1114 888 1196 ab
909 1142 1018 1198 anno
1045 1142 1148 1219 1400
1168 1116 1218 1197 ad
1239 1141 1394 1196 annum
1421 1113 1541 1214 1406.

395 1263 432 1344 ς.
460 1281 814 1302 ---·--
838 1236 888 1317 ab
908 1263 1018 1317 anno
1043 1263 1150 1345 1393
1167 1238 1217 1318 ad
1237 1262 1394 1318 annum
1421 1258 1539 1338 1422.
1559 1329 1561 1333 Α

389 1367 485 1446 Hac
509 1363 656 1472 historia
668 1365 810 1475 semper
818 1362 910 1472 sere
926 1362 1111 1445 concordat
1129 1393 1207 1444 cun
1228 1355 1361 1441 Thoona
1378 1359 1420 1440 de
1438 1356 1691 1467 Wallngbam,
1718 1359 1781 1464 etd
1799 1386 1885 1438 non·

335 1485 435 1568 nulla
451 1486 579 1567 habeat
596 1486 699 1566 codex
717 1487 840 1594 noster,
859 1515 938 1595 qua
958 1486 1027 1595 ipſse
1044 1487 1178 1593 omistt3
1208 1501 1244 1563 et
1261 1483 1346 1562 veri
1369 1479 1452 1560 mile
1465 1481 1626 1576 videtur,
1647 1498 1688 1558 ut
1692 1479 1887 1586 judicavit

334 1611 477 1690 autor*
496 1610 624 1690 harum
652 1639 774 1689 rerum
789 1606 1031 1716 peritifflrnus,
1053 1608 1163 1716 ipfiam
1184 1599 1365 1698 Thomu,
1387 1603 1451 1711 qui
1467 1602 1570 1709 htq'us
1584 1602 1786 1709 monasterii
1797 1600 1888 1708 suit

333 1732 530 1825 monachus,
554 1763 596 1812 ex
615 1731 670 1810 his
688 1729 976 1839 quaternionibus
994 1726 1291 1838 historiamfiaarn
1308 1722 1512 1834 compilasti.

389 1851 414 1928 6
443 1847 566 1928 Liber
592 1848 641 1928 de
672 1843 995 1927 benefac'toribus
1019 1843 1250 1927 monasterii
1279 1841 1414 1923 Santli
1433 1839 1583 1924 Albani
1603 1834 1883 1950 compendiose

332 1968 557 2066 conseilus,
596 1994 680 2048 una
717 1994 810 2048 cum
842 1965 933 2047 vitis
960 1966 1135 2048 Thomae
1163 1967 1211 2048 de
1242 1968 1282 2047 la
1306 1965 1426 2043 More
1451 1978 1491 2042 et
1522 1960 1886 2043 Iohannis-Moote

333 2091 542 2188 abb11um‚
563 2108 602 2172 et
622 2087 816 2171 electione
837 2086 1034 2172 Gulielmi
1054 2089 1305 2200 Heywo11h3
1326 2082 1492 2193 picturis
1512 2101 1675 2167 ornatus.

1023 2293 1195 2410 VIII.

387 2460 501 2540 Codex
519 2459 802 2541 membranaceus
821 2459 976 2567 infolio,
984 2458 1102 2570 stculo
1118 2489 1171 2540 xv
1190 2474 1374 2552 exaratus,
1395 2485 1459 2565 quo
1478 2455 1718 2550 continentur,

386 2574 592 2657 Vincentii
631 2575 955 2684 [Bellovacenfis]
992 2575 1141 2685 speculi
1170 2570 1384 2657 historialis
1417 2570 1509 2653 libri
1542 2570 1608 2655 xiv
1642 2568 1807 2680 priores,
1842 2567 1884 2651 in

331 2703 455 2815 quibus
479 2703 626 2811 historia
651 2704 839 2788 deducitur
861 2738 886 2787 a
914 2705 1040 2791 mundo
1064 2706 1201 2788 condito
1225 2703 1277 2784 ad
1291 2720 1436 2784 mortem
1457 2705 1618 2786 Valentis
1640 2701 1881 2814 imperatoris,

330 2829 383 2908 A.
405 2829 463 2908 D.
487 2825 579 2934 380.

1052 2911 1388 3094 111.s

384 3117 500 3201 Codex
519 3119 802 3203 membranaceus
822 3122 976 3234 insilio,
997 3121 1081 3205 viz.

384 3236 604 3319 Paffionale
624 3240 882 3348 quorundam
904 3238 1160 3336 Sannorum,

386 3367 498 3444 Circa
525 3396 658 3448 anorum
686 3396 732 3447 10
738 3395 786 3474 3²
813 3387 1017 3464 exaratum,
1048 3388 1090 3448 ut
1116 3401 1160 3449 ex
1187 3370 1393 3451 kalendario
1421 3370 1531 3452 eidem
1555 3368 1692 3479 prefixa
1719 3368 1883 3478 colligere

329 3488 412 3566 licet
423 3525 436 3581 3
466 3485 559 3595 quod
571 3489 818 3568 kalendarium
842 3490 952 3599 ustbus
974 3488 1151 3600 ccn'ctsdam
1171 3494 1313 3602 ecclessa
1333 3492 1553 3597 Anglicana
1581 3491 1772 3601 irfinroiffie,
1790 3509 1881 3600 pro-

329 3607 418 3688 bant
435 3610 813 3718 numerussanttoram
831 3610 954 3719 nostra
968 3614 1087 3718 gentis
1105 3615 1145 3693 in
1158 3644 1194 3693 eo
1212 3630 1494 3708 memoratorum,
1513 3631 1548 3692 et
1564 3614 1707 3693 nomina
1725 3640 1881 3724 quorun-

328 3730 411 3813 dam
431 3735 614 3812 caraclere
635 3735 806 3814 Saxonico
811 3734 969 3842 scripta.
1002 3731 1198 3842 Pefflonale
1217 3765 1303 3818 vero
1316 3752 1511 3844 perpaucos
1526 3735 1678 3816 continet
1696 3736 1880 3844 Anglica-

328 3882 401 3946 nos,
431 3882 493 3933 nec
510 3857 694 3935 caraclere
717 3854 769 3935 ad
784 3856 1007 3937 Saxonicum·
1016 3858 1197 3941 accedente
1219 3867 1241 3966 (
1242 3878 1283 3941 ut
1303 3858 1444 3969 placuit
1467 3855 1664 3960 Stanleio)
1683 3859 1754 3971 sed
1771 3860 1881 3968 plane

329 3978 487 4056 Romano
506 3995 709 4058 exaratur:
738 3997 773 4057 et
790 3979 974 4087 causatis
994 3980 1115 4089 constet
1128 3984 1251 4092 plures
1271 3984 1497 4065 Narmannos
1514 3981 1561 4066 ab
1581 3982 1768 4065 Edwardo
1787 3984 1881 4062 Con·

317 4096 449 4210 seffora
467 4098 520 4178 ad
533 4098 727 4205 dignitates
745 4100 1100 4213 ecclesiasticassuiffie
1112 4123 1299 4214 promotos,
1330 4105 1583 4220 alicuisorsan
1602 4136 1719 4188 eorum
1739 4104 1801 4185 hoc
1819 4103 1881 4183 de-

328 4223 444 4304 bemus
464 4219 651 4330 peaJlt'onalc
663 4223 783 4331 finum
812 4253 837 4302 a
857 4226 1088 4306 Narmannia
1115 4229 1349 4336 deportatum,
1379 4250 1414 4310 et
1440 4248 1482 4308 ut
1500 4229 1644 4335 ccclessae
1661 4228 1881 4332 Anglicanae

327 4345 577 4451 adaptaretur,
600 4346 803 4426 kalendario
814 4344 931 4454 postea
949 4347 1434 4460 inscriotastantsandorun
1452 4350 1704 4460 indigenarum
1723 4348 1880 4427 nomina.

329 4472 375 4550 In
394 4495 428 4546 eo
448 4483 566 4545 antem
585 4470 810 4548 continentur
825 4468 1434 4582 vitasanclorurusubseqnentium,

1776 4611 1810 4663 1.
1841 4583 1880 4662 S.

381 4869 402 4911 ⁴*
419 4864 526 4946 Actor]
544 4864 671 4949 Tyrrel‚
688 4867 762 4946 pref.
780 4882 812 4931 to
831 4868 870 4954 3d
888 4866 959 4930 Vol.
977 4866 1015 4932 of
1026 4869 1073 4932 his
1089 4873 1121 4936 H
1125 4873 1167 4938 ist.
1186 4874 1224 4938 of
1236 4872 1329 4960 Engl.
1348 4876 1390 4941 κί.

381 4950 491 5030 VIII]
510 4952 572 5047 Vct.
590 4949 656 5014 Cat.
674 4950 749 5016 Sub.
767 4954 804 5021 B.
823 4975 855 5035 4.
873 4951 969 5020 MSS.
986 4955 1071 5038 Angl.
1098 4960 1299 5045 1617-350.

383 5036 495 5115 .VIII.]
514 5037 584 5100 Vide
599 5035 691 5100 XIII.
710 5039 803 5103 XIV.

379 5120 462 5207 lx]
480 5122 541 5192 Vtt.
561 5121 626 5189 Cat.
645 5122 720 5188 Sub.
739 5124 826 5191 110.
847 5121 940 5192 MSS.
957 5123 1042 5209 Angl.
1071 5131 1272 5218 1619-352.
